2894 5052
392 239 950 350 mansoarii-14.
1086 305 1107 356 ι,
1208 291 1270 354 eet
1343 238 1351 254 ’

14 479 15 498 ι
77 433 187 518 Λοιγὸν
207 431 335 519 induor·
356 437 482 527 ἐναντίῳ
502 446 634 530 στρατῷ,
660 437 772 510 Ἀστοῖν
789 429 880 534 yeveiq'
900 448 1039 536 μέγιστον
1063 431 1153 526 τιλλοξ
1172 443 1273 530 αὔξον

77 517 169 584 Zaicov
185 546 217 586 τε
236 524 288 588 καὶ
302 519 421 588 dordr.
444 529 519 589 aciat
536 529 632 606 enim,
656 531 708 609 qui
722 531 754 592 in
768 531 826 594 hac
837 535 917 596 nube
929 537 1103 614 grandinem
1119 541 1272 616 sanguinis

74 625 128 687 pro
146 609 247 688 patria
269 630 408 690 pugnans
427 623 456 672 et
478 614 601 674 exitium
624 619 784 695 propulsat
801 619 971 683 adversario
996 621 1107 682 civium
1126 628 1271 702 exercitu,

75 713 104 750 se
116 694 175 752 suis
192 697 321 773 posteris
338 717 453 776 suoque
466 697 568 776 generi
583 701 742 762 maximam
756 705 882 780 gloriam
895 707 1065 786 relinquere
1079 717 1109 767 et
1120 709 1272 772 viventem

75 787 102 836 et
121 789 285 840 mortuum.
334 783 482 842 Lucienus
499 785 532 844 in
553 788 686 846 encomio
707 789 825 868 patriae
847 789 969 868 scribit,
999 791 1076 850 lianc
1098 793 1128 852 in
1148 797 1271 874 proeliis

77 861 306 926 cohortationem
326 863 493 946 plurimum*
504 869 624 952 valere,
647 872 672 932 si
689 873 757 952 quia
774 864 869 950 dicat,
890 877 1001 936 bellum
1019 898 1082 938 ease
1099 897 1156 957 pro
1172 879 1271 958 patria

75 959 259 1028 susceptum3
281 951 488 1034 neminemque
507 975 586 1032 esse,
609 960 661 1036 qui
674 955 733 1016 hac
747 979 823 1020 voce
837 961 938 1020 audita
955 971 1081 1022 mortem
1097 964 1272 1028 extimescat
1307 977 1325 997 '⁵

74 1043 120 1092 aut
133 1035 302 1112 periculum
320 1047 442 1099 metuat:
487 1039 588 1101 Efficit
606 1042 683 1102 enim
705 1041 829 1126 (inquit)
849 1049 958 1106 nomen
979 1057 1008 1106 et
1028 1053 1270 1112 commemoratio

72 1119 132 1196 ipsa
156 1121 286 1197 patriae,
310 1132 361 1198 ut,
384 1124 435 1204 qui
457 1134 501 1184 est
521 1126 634 1206 alioqui
648 1129 852 1190 timidissimus
872 1129 1271 1214 ignavissimuaquenatura,

71 1204 247 1266 fortissimus
273 1207 390 1268 existat.
432 1211 578 1289 Tyrtaeus
603 1212 662 1292 [ap.
681 1213 809 1292 Lycurg.
832 1216 863 1276 in
886 1217 990 1276 Leocr.
1012 1237 1041 1295 p.
1060 1225 1124 1282 212
1139 1239 1203 1300 sqq.
1222 1222 1269 1285 ecl.

69 1289 167 1347 lteisk.
182 1311 211 1353 r.
230 1299 243 1356 t
263 1291 319 1372 sq.]
342 1301 459 1372 autern,
483 1297 534 1375 qui
550 1318 645 1358 mores
660 1301 774 1358 animoa
793 1299 840 1380 (ιιι
857 1302 898 1360 ait
910 1301 1051 1362 Horatius
1068 1301 1122 1362 lib.
1142 1303 1178 1364 de
1197 1309 1271 1368 Arte

68 1379 157 1453 polit)
184 1374 326 1436 Versibus
347 1383 489 1458 exacuit,
511 1379 588 1440 hanc
613 1383 697 1442 eand.
714 1385 890 1446 sententiam
911 1386 1030 1448 duobus
1052 1388 1210 1448 versiculis
1227 1393 1270 1452 ita

69 1461 244 1537 complexus
264 1471 325 1536 est,
352 1459 543 1545 Τιθνοὶμεναι
563 1462 620 1548 ylo
637 1464 731 1532 καλὸν
751 1467 801 1532 lari
822 1465 1003 1552 προμάχοισι
1023 1468 1272 1558 πεσόντα”Ανιλρ’.

66 1539 195 1622 lyndrie,
219 1547 288 1625 saepi
310 1539 472 1632 ri'rrurolde
493 1545 696 1632 μαρνάμενον.
717 1561 846 1634 querum
861 1575 1003 1618 versuum
1019 1555 1095 1616 haec
1111 1559 1173 1618 sere
1194 1581 1270 1620 sen-

66 1631 154 1688 tentia
168 1640 226 1706 est,
246 1631 409 1693 Pulchrum
425 1645 479 1712 eet,
493 1638 598 1704 virum
608 1637 714 1700 lortem
732 1660 788 1717 pro
804 1641 1095 1722 patrialpugnantem
1111 1653 1140 1704 et
1152 1645 1270 1724 caden-

64 1723 120 1774 tem
137 1715 219 1774 inter
232 1714 302 1791 eoa,¹
321 1719 420 1798 quiin
437 1723 534 1800 primo
552 1723 659 1794 ordine
675 1724 834 1798 dimicent,
858 1728 947 1791 mori.
991 1728 1125 1788 Accedat
1140 1728 1192 1791 lris‘,
1203 1731 1269 1792 llo·-

63 1814 182 1876 merus,
205 1801 252 1880 [ll.
273 1823 329 1879 xit,
342 1803 427 1884 248]
449 1803 556 1880 οἰωνὸς
574 1803 711 1888 ἄριστος,
734 1803 906 1888 duricordes
924 1810 994 1886 περὶ
1013 1806 1139 1892 πάτρης.
1161 1813 1191 1872 id
1212 1825 1267 1894 est,

64 1885 211 1962 optimum
235 1897 280 1946 est
299 1890 483 1969 auspicium,
513 1912 646 1972 pugnare
672 1914 727 1972 pro
746 1893 855 1974 patria.
898 1897 937 1956 Et
956 1897 995 1960 Μ.
1019 1893 1099 1956 Tull.
1122 1899 1210 1960 Ollic.
1237 1910 1267 1966 1.

62 1967 125 2048 [17‚
139 1969 205 2048 67.]
229 1967 290 2030 Sed
312 1977 422 2034 omneis
441 1979 570 2058 omnium
589 1980 728 2038 caritates
746 1981 848 2058 patrio
866 2003 926 2042 uno
948 1979 1108 2063 complexa
1131 1998 1189 2060 eet,
1209 2003 1266 2066 pro
1318 1989 1324 2000 '

60 2077 120 2136 qua
137 2057 206 2137 quie
220 2053 314 2116 lanus
331 2055 442 2122 dubitet
455 2077 576 2122 mortem
590 2058 745 2144 oppetere?

147 2145 199 2206 14.
226 2140 284 2200 Mo
292 2155 334 2214 tta
356 2149 401 2202 ιιι
423 2165 507 2206 ruo.
531 2144 708 2228 rausum]
732 2147 823 2208 immo
842 2168 915 2210 vero
932 2151 1051 2230 saepius
1071 2160 1266 2214 servanture

58 2225 197 2304 proelio,
219 2226 272 2304 qui
293 2227 412 2286 sortiter
433 2241 583 2310 pugnant,
605 2252 695 2332 guam
711 2234 763 2310 qui
785 2233 817 2292 in
838 2234 938 2312 sugas
963 2257 1008 2294 em
1025 2236 1128 2294 salutis
1146 2237 1266 2297 consti-
1326 2263 1331 2270 ¹

57 2317 164 2380 luunt,
189 2310 273 2388 quod
296 2312 430 2372 declarat
449 2313 536 2377 Hom.
562 2315 652 2378 λλιαιλ.
673 2312 703 2378 ε’.
723 2315 763 2396 [ν.
781 2317 866 2394 581]
889 2257 1067 2392 Aldiulvcov
1089 2315 1121 2374 r'
1140 2313 1266 2396 ἀνδρῶν

55 2389 280 2468 alienamini,
303 2391 523 2476 dissipaturus·
548 2395 729 2480 Φευγόντων
752 2397 782 2462 δ’
802 2393 917 2478 015le
936 2397 1020 2470 ullor
1034 2394 1265 2488 incorruptae

14 2495 16 2542 t
55 2503 99 2552 τις
120 2471 213 2560 α’λιιήζ
240 2479 339 2549 ,Haec
360 2483 452 2560 igitur
467 2483 562 2548 huius
580 2485 640 2546 loci
660 2484 889 2559 sententiarest,
911 2485 942 2542 Si
962 2483 1143 2557 immortales
1166 2493 1265 2546 essent
1321 2555 1358 2576 .,

55 2565 171 2640 loturi,
196 2566 248 2644 qui
259 2586 317 2646 pro
336 2567 432 2646 patria
448 2589 516 2628 cum
532 2571 612 2630 vitae
628 2571 764 2648 periculo
779 2569 867 2628 armis
882 2569 1035 2630 decertare
1050 2569 1168 2660 polunt,
1191 2579 1265 2630 tur-

53 2652 101 2728 pis
120 2659 205 2710 esset
221 2651 340 2729 quidem
356 2653 425 2728 illa,
448 2654 501 2714 aed
526 2665 603 2716 esset
619 2655 720 2734 aliqua
737 2665 834 2728 tamen
855 2653 1032 2732 ignavorum
1049 2675 1137 2714 causa
1154 2674 1188 2713 ac
1209 2655 1265 2714 de-

53 2736 173 2812 fensio,
197 2756 265 2794 cum
290 2737 440 2810 elicerent,
468 2740 665 2818 refugiendo
694 2741 783 2800 saluti
804 2740 962 2822 consulere
985 2739 1142 2814 maluisse,
1171 2759 1263 2819 quam

15 2879 16 2896 ,
53 2831 161 2880 contra
181 2819 305 2882 nitendo
323 2832 352 2882 et
367 2825 559 2904 repugnando
576 2821 763 2886 occumbere.
796 2825 884 2884 Nunc
897 2834 996 2884 autern
1010 2844 1078 2884 cum
1092 2823 1162 2884 belli
1182 2825 1265 2904 peri-

15 2905 17 2998 l
52 2909 122 2965 culo
138 2908 249 2980 vitato,
272 2917 414 2970 sexcenta
430 2909 517 2968 nobis
534 2911 591 2970 alia
607 2911 712 2974 mortis
730 2931 838 2988 genera
854 2909 1063 2988 impendeant:
1084 2909 1173 2988 longa
1185 2909 1263 2989 pul·
1283 2925 1286 2932 “
1304 2977 1307 2982 ,

52 2992 168 3052 clrriue'
179 3013 216 3050 ac
228 2993 408 3052 laudabilius
425 3005 484 3070 est,
508 3016 565 3076 pro
584 2996 681 3076 patria
697 2997 817 3054 sortiter
833 3005 1014 3074 pugnantem
1030 3003 1156 3054 mortem
1171 3015 1263 3076 oppe-

51 3089 132 3152 tere,
169 3098 260 3154 quam
289 3080 380 3138 vitam
401 3089 529 3140 naturae
545 3091 597 3140 aut
618 3082 788 3140 necessitati
815 3101 988 3161 reserpere,
1017 3079 1101 3157 quod
1129 3081 1200 3138 item
1223 3079 1263 3140 M.

51 3165 130 3224 Tull·
150 3161 285 3243 Philipp.
303 3169 353 3230 10.
375 3163 438 3244 [10.
456 3165 520 3244 20]
544 3166 741 3226 ornatissimis
757 3165 857 3226 verbis
873 3165 1080 3252 persequitur,
1105 3163 1153 3222 Ira
1168 3187 1263 3249 praef

50 3247 139 3310 clara
155 3263 200 3308 est
216 3253 395 3329 recuperatio
411 3247 564 3326 libertatis,
582 3267 613 3312 ut
628 3275 663 3310 ne
676 3274 754 3312 mora
771 3245 887 3332 quidem
904 3251 943 3309 sit
957 3251 987 3308 in
1001 3248 1155 3330 repetenda
1170 3246 1268 3342 lider-=

50 3349 109 3392 tote
121 3331 288 3416 fugienda.
334 3331 422 3412 Quod
437 3337 464 3394 si
479 3334 688 3396 immortalitas
707 3349 871 3416 sequeretur
889 3331 1015 3414 periculi
1024 3333 1142 3414 fugam,
1165 3347 1262 3424 tamen

49 3427 82 3478 το
96 3421 204 3498 magis
218 3439 252 3476 aa
269 3417 484 3502 nonsugicnrlu
500 3419 656 3494 uideretur,
673 3419 753 3502 quod
768 3415 934 3478 diuturnior
948 3433 1019 3478 esset
1033 3420 1162 3496 seruitus.
1189 3413 1261 3476 Cum

47 3525 114 3563 rero
139 3499 209 3565 alies
224 3515 251 3561 et
272 3507 382 3563 nocteia
398 3507 498 3564 omnia
514 3528 568 3566 nor
582 3503 711 3587 undique
722 3503 795 3588 soto
816 3505 1018 3577 circumstent,
1041 3523 1100 3561 non
1116 3517 1156 3568 est
1173 3501 1262 3560 uestri

46 3585 249 3668 Romanique
270 3589 414 3664 nominis,
437 3585 588 3667 dubitare,
611 3613 673 3650 eum
693 3591 852 3670 spiritum,
868 3611 951 3670 quem
974 3599 1098 3646 naturae
1116 3587 1185 3683 quis
1198 3583 1263 3669 'de-¹
1282 3671 1285 3678 Ι

47 3672 130 3748 leot,
156 3673 280 3754 patriae
293 3669 418 3733 reddere.
461 3673 497 3733 In
510 3677 571 3734 illia
592 3685 691 3734 autem
706 3675 805 3733 verbis
822 3673 972 3732 Ciceronis
987 3693 1022 3730 ea
1041 3692 1100 3730 non
1111 3667 1261 3754 fugiendo

44 3755 203 3816 rideretur
221 3756 270 3834 (ut
286 3757 383 3818 dicum
406 3759 439 3822 ἒν
450 3755 591 3846 παρόδῳ)
614 3757 852 3820 subaudiendum
874 3767 918 3817 est
938 3776 1032 3817 more:
1055 3776 1124 3814 nam
1149 3757 1174 3814 si
1197 3755 1261 3850 aine
1295 3806 1299 3815 ,

43 3847 214 3920 negatione
233 3843 329 3918 legas,
352 3853 388 3902 ut
402 3847 432 3904 in
446 3845 587 3924 vulgatis,
609 3843 846 3920 subintelligitur
862 3839 1086 3902 immortalitas:
1109 3841 1164 3899 sed
1176 3861 1261 3942 prro-

16 3987 17 3990 ,
41 3927 287 3988 remlectionern
296 3929 505 4010 magisprobo.
528 3929 845 4012 Sarpedonpraeterea
860 3927 941 4008 apud
955 3919 1260 4022 llornerumllrutl.u'*.
1332 3960 1337 3970 x

16 4003 17 4006 ¹
39 4013 150 4072 rer-bis
164 4012 250 4071 idem
260 4013 590 4094 planeaiguiiicantibus
600 4015 792 4074 Glaucumad
806 4011 1259 4117 lortiterpugnandumexcitat,

38 4097 80 4178 [r.
97 4105 176 4167 322
192 4097 252 4178 aq]
270 4091 435 4176 Ὦπὲπον,
458 4102 485 4162 el
498 4099 623 4185 μὲνγὰρ
638 4095 774 4178 πόλεμον
789 4097 858 4180 περὶ
871 4091 960 4161 τόνδε
975 4091 1115 4176 φυγόντε,
1138 4093 1207 4158 Αλελ
1220 4095 1258 4176 δη
1279 4125 1288 4148 e

36 4185 214 4264 μέλλοιμεν
234 4177 339 4264 cirsion
354 4179 384 4245 ι’
401 4176 547 4250 ἀθανάτω
569 4178 764 4262 τε’Έσσεσθ’,
786 4179 855 4248 olive
879 4205 932 4245 κεν
948 4175 1035 4252 odedi
1051 4179 1099 4286 lvi
1116 4177 1261 4262 reperiretur

35 4271 219 4350 μαχοίμην,
244 4263 416 4332 ottramni
433 4269 579 4353 στέλλοιμι
594 4265 693 4354 μάχην
708 4269 738 4344 ἐς
751 4263 960 4344 audaciamque·
981 4269 1051 4328 Νῦν
1067 4267 1085 4328 δ
1106 4299 1149 4310 -
1165 4264 1261 4366 ἔμπιμς

34 4355 92 4436 reip
124 4357 241 4436 Κῆρες
261 4353 421 4432 ἐφεστᾶσιν
449 4355 599 4422 corteno
623 4357 761 4436 Mvplua,
793 4349 830 4426 iic
852 4345 909 4416 ονίι
931 4351 992 4414 ἔστι
1016 4356 1124 4432 φυγεῖν
1149 4351 1261 4430 βροτον

34 4435 111 4502 οὔδ’
127 4433 305 4514 inuidiae.
319 4439 350 4498 id
366 4450 419 4516 eat,
430 4437 467 4501 'O
481 4441 591 4520 mollis,
604 4444 632 4502 si
644 4463 685 4500 ear
696 4437 836 4500 bochello
849 4456 1010 4518 numquam
1026 4455 1115 4516 aegra
1130 4449 1260 4496 senectus

35 4523 180 4603 Salvos,
201 4515 327 4608 pdtltda
344 4547 424 4586 mors
445 4549 606 4612 numquam
627 4540 712 4598 noete
728 4527 838 4606 integat
852 4537 936 4582 otro:
959 4518 1030 4581 Non
1044 4517 1176 4624 equidem
1189 4521 1259 4602 pri·
