2884 5044
185 257 318 345 ms.

68 447 70 452 -
183 395 361 503 rapientes
400 369 571 504 cumque,
594 397 821 502 sapientiae,
862 375 1036 500 institiae,
1084 397 1227 504 pietatis
1258 371 1398 504 aeque,

182 527 291 608 atque
313 503 447 582 artium
473 501 688 582 bellicarum
717 501 917 605 cupiditate
957 503 1154 606 studioque
1186 501 1397 582 ducuntur.

180 609 310 710 ltaque
332 607 570 710 antiquissimi
585 607 640 682 illi
663 627 793 706 poetas
817 633 893 682 non
913 603 1204 714 dhm³(opinor)
1229 610 1278 686 ob
1300 637 1397 684 cau·
1436 637 1437 646 2

179 739 256 796 sain
273 710 457 796 Palladem
486 705 888 808 armatamffinxsrunt,
920 737 1031 830 quam
1072 731 1114 800 iit
1140 711 1398 814 significarent

182 816 222 890 in
242 813 403 920 Regibus
436 837 475 892 at
505 817 714 914 rerumpub.
729 811 1018 890 moderatoribus
1032 813 1198 890 bellicam
1214 816 1396 894 uirtutem
1436 821 1437 902 J

47 991 54 1004 κ
179 945 282 994 cum*
300 921 475 1019 sapientia
514 919 746 996 coniunctam
783 936 820 993 et
858 918 1068 1018 copulatam
1094 943 1179 998 esse·
1200 923 1394 1037 ppor'tere.
1436 975 1437 996 2

76 1059 100 1082 -·
179 1023 301 1111 Quam
323 1021 501 1132 rationem
521 1021 637 1098 secuti
655 1019 765 1122 prisci
786 1018 840 1097 illi
860 1017 991 1098 heroes
1013 1020 1055 1096 in
1077 1019 1303 1124 disciplinam
1315 1020 1395 1099 ho·
1436 1019 1437 1086 ζ

177 1125 319 1202 minum
354 1125 582 1204 emditorum
621 1125 805 1226 longoque
822 1219 824 1226 X
842 1149 912 1198 usu
940 1123 1143 1226 peritorum
1169 1126 1264 1206 filios
1297 1153 1394 1202 inor
1436 1121 1437 1208 J

33 1233 39 1240 ’
176 1227 339 1306 studiose
363 1222 577 1324 tradebant,
604 1245 641 1304 et
661 1227 780 1348 lieges
803 1225 873 1327 ipsi
895 1225 1022 1304 doctos
1052 1227 1147 1304 viros
1181 1249 1219 1306 et
1240 1229 1394 1330 sapien·
1436 1241 1437 1322 l

178 1331 307 1409 seii‘in
330 1333 541 1412 sommium
565 1331 826 1431 amicitiamque
848 1336 949 1408 suain
968 1329 1198 1432 cupidissime
1216 1331 1392 1448 recipere

27 1455 33 1466 ’
157 1433 351 1510 'solebant
376 1436 442 1512 Sic
464 1433 698 1512 fortissimum
718 1433 824 1510 illum
847 1433 1072 1516 Graecorum
1087 1431 1295 1531 Achillem,
1312 1437 1392 1512 Pe·

34 2863 36 2866 ¹
127 2807 133 2826 =
168 2773 409 2850 Tarentinus:
449 2776 609 2852 Diouem
644 2775 745 2850 Plato
776 2773 1007 2850 Atheniensis
1037 2773 1254 2854 docuerunt.
1307 2774 1376 2850 Sa·

174 1536 227 1612 lei
241 1538 503 1631 Thessalorum
528 1537 638 1642 Regis
669 1531 809 1624 filium,
838 1565 860 1612 a
893 1537 1055 1615 Chirone
1079 1537 1263 1628 Centauro
1284 1565 1390 1640 pue·

175 1668 260 1718 rum
278 1643 463 1721 eruditum
486 1667 562 1716 esse
588 1639 718 1720 litteris
740 1638 927 1740 proditum
950 1661 1023 1718 esta
1057 1661 1094 1718 et
1111 1639 1232 1722 eidem
1255 1641 1389 1720 iuveni
1436 1675 1437 1728 3

175 1743 224 1824 ad
237 1745 389 1824 Troiam
404 1743 574 1846 profecto
596 1742 760 1822 Phoenix
774 1743 824 1818 aii
840 1743 942 1842 apud
960 1745 1187 1842 Homerum,
1209 1773 1248 1820 se
1265 1745 1388 1822 comi.-
1436 1745 1437 1798 l

91 1861 104 1930 ζ
174 1867 249 1922 tem
270 1869 308 1922 et
335 1847 527 1948 custodem
557 1847 693 1924 iccirco
715 1875 735 1922 a
759 1867 861 1946 patre
888 1873 965 1924 esse
992 1847 1175 1942 additum,
1210 1849 1387 1926 utillum
1436 1861 1437 1944 l

75 2043 80 2050 .
134 2021 137 2028 .
173 1951 334 2030 efficeret
361 1971 545 2030 oratorem
576 1953 773 2052 verborum
812 1971 1044 2052 actoremque
1082 1975 1215 2044 rerum.
1267 1951 1386 2037 Sum·
1436 1957 1437 2052 ξ

171 2069 254 2134 mss
284 2055 347 2130 ille
365 2051 648 2132 Atheniensium
678 2051 936 2147 concionator,
966 2054 1145 2150 Pericles,
1170 2055 1234 2156 qni
1260 2083 1384 2130 annos

169 2157 406 2260 quadraginta
432 2157 615 2254 doctrina,
643 2155 812 2248 consilio,
840 2157 1048 2258 eloquentia
1071 2155 1204 2232 dicitur
1219 2155 1383 2233 Athenis
1436 2173 1437 2232 l

115 2331 120 2340 .
168 2261 386 2361 praefuisse,
412 2263 622 2362 priusquam
637 2258 684 2334 ad
699 2260 957 2358 rempublicam
979 2259 1189 2357 accederet,
1215 2260 1262 2336 ab
1276 2261 1383 2334 Ana·
1436 2239 1437 2308 l

168 2390 301 2466 zagora
323 2365 560 2442 Clazomenio
576 2363 697 2438 luerat
715 2363 914 2438 institutus:
934 2361 1195 2456 Timotheum,
1212 2363 1381 2442 Cononis
1436 2315 1437 2386 l

62 2473 66 2482 ’
167 2467 463 2566 praestantissimi
492 2465 717 2567 imperatoris
751 2465 893 2562 lilium,
921 2465 1117 2556 wIsocrates:
1153 2465 1380 2574 Epaminon·
1436 2541 1437 2582 ,

168 2567 254 2644 dam
270 2569 374 2671 Lysis
394 2569 663 2673 Pythagoreus:
690 2559 945 2658 Alexandrum
958 2568 1134 2672 Magnum
1157 2569 1378 2645 Aristoteles
1436 2613 1437 2666 ,

168 2671 392 2749 erudierunt.
433 2673 642 2773 Agesilaum
673 2669 908 2770 Xenophon:
943 2667 1150 2750 Phildlauni
1187 2668 1377 2776 Archytas

123 2913 126 2928 ·
165 2877 330 2978 piantem
365 2899 490 2954 eutem
528 2875 828 2954 consuetudinem
863 2897 901 2952 et
933 2877 1123 2953 amicitiam
1158 2907 1180 2954 a
1207 2879 1376 2984 Regibus

167 2979 245 3056 esse
284 2984 498 3094 appetitam,
537 2981 745 3060 testimonio
782 3001 869 3059 sunt
913 2979 1029 3056 Solon
1072 3001 1109 3056 et
1135 2981 1374 3060 Anacharsis:

166 3111 325 3185 quornm
351 3086 498 3160 alterius
527 3110 693 3160 sermone
722 3104 758 3158 et
785 3109 982 3186 congressu
1009 3111 1229 3188 magnopere
1256 3083 1373 3160 Croe·
1436 3085 1437 3154 l

165 3209 300 3264 ausast
324 3189 522 3284 delectstus
539 3209 649 3289 atque
675 3185 835 3263 adiutus:
867 3189 1019 3262 alterum
1043 3213 1127 3262 cum
1149 3187 1282 3264 Darius
1308 3189 1373 3264 lit·
1436 3195 1437 3278 l

15 3289 19 3296 ’
165 3291 251 3380 teris
272 3312 309 3366 et
331 3293 518 3390 promissis
541 3291 741 3386 invitasset,
767 3290 860 3364 nihil
884 3289 1057 3391 profecit:
1089 3279 1265 3366 testantur
1287 3293 1372 3368 Pla·
1436 3283 1437 3350 l

165 3413 204 3468 to
230 3415 267 3468 et
297 3395 527 3514 Aristippus,
569 3395 747 3494 quicum
775 3393 1372 3514 DiopysiosixeriintietCalli·

86 3536 88 3546 ·
148 3495 330 3592 sthenes,
357 3525 423 3600 qui
451 3525 535 3573 oiim
555 3499 786 3574 Alexandro:
811 3498 872 3572 alii
892 3499 1049 3598 denique
1072 3525 1181 3598 qnam
1203 3499 1370 3596 plurimi,
1436 3521 1437 3568 i

161 3581 236 3674 Em
256 3627 344 3676 vero
367 3602 407 3676 in
431 3601 492 3696 iis,
518 3602 584 3702 qui
602 3599 793 3702 sapientiae
825 3599 1083 3704 doctrinaeque
1106 3597 1273 3676 laudibus
1292 3603 1369 3676 cla·

25 3794 30 3802 .
150 3724 265 3804 vient,
302 3732 379 3782 non
408 3725 635 3812 ,postremum
668 3705 792 3780 locum
827 3703 958 3802 poetae
989 3704 1158 3780 videntur
1188 3705 1367 3780 obtinere.
1436 3737 1437 3772 l

161 3806 262 3896 Quin
286 3809 318 3881 si
337 3835 468 3883 verum
488 3807 714 3908 quaerimus,
737 3806 795 3882 sel
818 3803 928 3880 iidem
950 3805 1105 3890 suerunt
1132 3807 1218 3884 olim
1235 3817 1369 3907 poetae
1436 3829 1437 3900 l

50 3958 82 3983 a
156 3930 198 3984 el
221 3907 451 4010 philosophi:
477 3937 588 4011 quem
608 3911 647 3984 in
666 3933 858 3986 numerum
880 3911 1016 3984 referre
1044 3911 1130 3986 licet
1155 3909 1369 4010 Orpheum,
1436 3955 1437 3992 ,

8 4049 10 4054 ·
66 4040 72 4046 ·
158 4010 429 4114 Amphionem,
455 4013 668 4108 Musaeum,
693 4013 917 4108 Homerum,
931 4012 1157 4107 Hesiodum,
1172 4011 1367 4102 solonem,
1436 4029 1437 4092 3

70 4113 72 4118 ’
157 4115 416 4219 Phocylidem,
457 4117 746 4216 Xenophanem,
785 4115 1058 4212 Parmenidem,
1097 4115 1368 4216 Epimenidem,
1436 4175 1437 4200 ,

157 4217 439 4319 Empedoclem,
465 4220 668 4296 Platonem:
700 4217 776 4315 iel,
807 4219 928 4320 siqui
953 4217 1168 4320 philosophi
1188 4249 1209 4294 a
1238 4219 1367 4306 studio
1436 4219 1437 4298 l

157 4323 304 4420 poetico
337 4326 489 4401 fuerunt
511 4323 749 4420 remotiores,
787 4323 912 4423 quales
945 4343 1030 4397 sunt
1055 4323 1311 4424 posteriores,
1325 4325 1367 4418 ii,
1436 4315 1437 4334 ¹

160 4423 226 4502 n‘isi
250 4438 441 4538 po'e'tarum
463 4427 673 4508 anctoritate
706 4454 748 4506 ac
775 4424 1068 4532 testimoniatus
1106 4425 1251 4512 decreta
1272 4451 1367 4505 con·
1436 4439 1437 4504 l
