2894 5052
165 249 253 347 aui.
283 231 321 342 n.
367 255 542 344 61)..an
582 294 615 346 r.
644 281 772 346 a—ee.
819 261 887 342 ού.
910 277 962 340 tx.
1007 281 1164 347 e.1-7.
1208 281 1272 348 aee
1304 243 1337 362 ’,
1387 353 1394 360 ,

63 473 127 532 sqq.
145 448 268 530 tieem]
291 444 348 514 dds
366 445 407 530 δὴ
424 441 644 530 Δίδνμ’”Ερως
666 443 683 511 d
703 441 892 550 χρνσυνὸμνς
917 442 987 526 Τόξ’
1008 448 1168 520 ἐντείνεται
1187 449 1273 535 2opi·
1336 499 1340 504 .
1407 451 1410 460 '

62 561 139 614 των,
164 532 273 616 Τὸμὲν
285 529 333 603 tn'
347 529 473 602 εὐαίωνι
484 528 605 615 πότμῳ,
634 529 673 598 Ti
689 529 714 596 δ’
734 533 785 598 tat
798 551 937 615 σνγχνσει
949 537 1062 615 βιοτᾶς.

147 625 198 688 16.
222 623 327 680 Cora
352 617 548 698 cananae]
571 615 789 681 curamenta?
810 639 847 678 au
861 630 989 700 propter
1009 641 1087 701 opus
1107 619 1153 682 rei
1170 619 1272 684 vsns-
1335 631 1337 638 ’

62 727 144 781 reae,
167 705 251 786 quod
274 713 433 769 cruentum
454 703 520 766 esti
544 723 645 766 senna
673 703 751 764 enim
772 705 900 784 genitale
922 725 1013 766 cruor
1033 715 1079 767 eet
1106 706 1170 768 siva
1194 727 1272 766 san·
1343 727 1346 746 ·

63 795 141 872 guis:
162 813 228 852 non
243 793 355 873 placet.
379 797 558 872 eapropter
574 788 692 850 eaedeie
714 809 752 852 ex
774 797 884 852 amore*
898 791 1062 856 orienteie‘i
1085 791 1168 872 qnod
1188 792 1272 858 veri·

63 877 189 940 similitu
203 887 257 940 est.
456 891 462 896 '
624 931 630 942 .
1190 939 1194 948 ,

146 969 197 1031 18.
219 965 418 1022 Saarraue
440 976 596 1020 oaaeoaa
618 955 742 1040 nove]
776 969 915 1020 creseunt
938 960 1011 1020 novi
1033 969 1194 1040 amatores,
1216 959 1272 1041 qui

64 1049 116 1110 tibi
132 1049 286 1126 ses-aiunt,
308 1057 393 1108 tuam
408 1045 563 1128 perfidiam
580 1054 610 1106 st
621 1045 806 1126 impietatem
823 1065 884 1106 non
901 1046 1028 1127 experti.

146 1140 201 1201 18:
222 1155 292 1194 nae
314 1145 481 1193 enonas
495 1133 572 1212 ete]
595 1151 694 1210 neque
708 1139 825 1190 veteres
841 1141 957 1208 temen,
981 1131 1091 1211 quibus
1108 1130 1155 1192 tui
1171 1149 1272 1194 mores
1392 1145 1396 1156 ’

63 1222 213 1302 perspecti
231 1229 302 1280 eunt
317 1229 347 1280 et
362 1219 490 1297 cogniti,
513 1221 567 1298 qui
580 1225 701 1276 tuorum
716 1215 919 1296 periuriorum
933 1227 1024 1280 testes
1039 1225 1126 1293 sunt,
1148 1217 1179 1276 in
1194 1235 1273 1296 quoe
1378 1253 1385 1278 r

62 1319 96 1366 tu
112 1319 143 1366 te
157 1320 280 1366 saevam
294 1315 324 1366 at
337 1304 481 1364 immitem
495 1313 525 1364 et
538 1301 685 1382 perlidam
698 1301 879 1380 praebuisti,
903 1303 1040 1382 quemvis
1055 1321 1145 1382 saepe
1165 1299 1273 1364 minati

63 1395 135 1468 sint,
162 1411 199 1451 ee
218 1389 419 1452 tibi‘eeaaire
440 1387 608 1460 desituros,
630 1409 648 1450 e
673 1388 735 1448 tuis
756 1387 881 1450 aedibus
906 1409 943 1450 se
963 1389 1081 1450 loribus
1108 1386 1273 1450 deeeedara

82 1485 186 1540 uetant.

62 1501 81 1558 q
145 1567 201 1629 20.
224 1563 352 1622 suere
372 1562 538 1632 uanam]
561 1557 662 1618 atille
679 1555 999 1641 apudTareualliutn
1015 1551 1135 1641 1,1,.4.]
1156 1556 1272 1624 exelu-

61 1653 117 1711 oit:
140 1663 280 1710 nuncet:
300 1642 440 1706 redeam?
460 1665 539 1720 non,
560 1647 588 1706 ei
601 1665 647 1702 me
661 1640 798 1705 obsecret.
929 1637 946 1646 ”
1178 1673 1180 1676 ·

143 1737 198 1800 27.
217 1735 309 1792 Suae
328 1728 540 1810 annessae]
561 1729 623 1790 suis
638 1727 709 1788 liliis
725 1728 966 1792 adolescentulis.

145 1825 201 1886 22.
224 1817 489 1890 blesensisque
511 1834 639 1876 aaran
662 1812 741 1892 ete]
763 1805 858 1874 novis
881 1823 1041 1896 nuptsete
1061 1833 1183 1898 quoqne
1201 1836 1271 1878 ma-

62 1914 168 1978 tuunt,
190 1923 229 1964 ne
244 1913 297 1963 tua
315 1911 456 1963 venustas
471 1908 500 1960 et
516 1901 576 1962 oris
591 1897 790 1979 pulchritudo
803 1909 834 1960 et
847 1900 1004 1982 flagrantia
1019 1903 1179 1964 oculorum
1196 1923 1270 1964 euos
1368 1969 1377 1978 ,

14 1985 15 1988 “
61 1991 187 2052 maritos
204 1985 579 2062 efficiatineeterdioree,
601 1994 655 2046 aut
677 1984 766 2044 etiam
782 1984 836 2046 abs
859 2007 924 2051 sese
940 1988 1055 2048 alienet.
1097 1986 1270 2050 Aureliae

61 2081 145 2148 loco,
167 2075 262 2134 ducta
283 2071 478 2134 uenslstions
498 2093 514 2130 a
537 2071 651 2146 ventis,
681 2070 733 2148 qui
757 2089 873 2146 navem,
895 2091 956 2153 quo
976 2072 1078 2149 lubet,
1099 2073 1270 2154 impellunt,

61 2164 123 2224 orie
137 2161 288 2234 nitorem,
309 2165 511 2232 venustatem,
533 2157 707 2234 elegantiam
726 2155 889 2235 significet,
926 2137 1063 2237 Virg.'ad
1083 2160 1149 2220 auri
1163 2159 1271 2240 splen-

61 2250 166 2308 dorem
187 2245 341 2306 transtulit
353 2241 475 2304 Aaneid.
492 2253 591 2318 sexto,
611 2241 651 2320 [v.
663 2241 750 2322 204]
776 2239 919 2303 Discolor
931 2241 1009 2304 unde
1021 2247 1089 2304 uari
1099 2269 1154 2330 per
1167 2251 1272 2313 rumai

59 2355 134 2394 aare
150 2329 277 2414 refulsit.
297 2330 423 2410 proprie
437 2329 515 2388 dixit
527 2329 612 2388 Luer.
627 2327 676 2386 lib.
690 2331 720 2392 2·
739 2327 784 2404 [v.
794 2327 949 2409 848³qu
972 2351 1038 2390 eum
1050 2332 1156 2409 primis
1171 2351 1268 2412 quoe-

60 2439 122 2479 νυνι
138 2438 201 2498 por
218 2429 260 2476 est
269 2460 280 2492 ‚
312 2411 422 2492 Quoad
441 2411 509 2472 lieet
529 2433 568 2474 ue
584 2415 697 2494 poesie,
719 2413 841 2495 reperire
862 2411 999 2475 molentis
1017 2411 1090 2478 olivi
1104 2413 1264 2495 Naturam,

12 2553 13 2568 .
61 2501 175 2566 nullom
189 2523 267 2586 quoe
280 2501 378 2560 mittat
392 2495 513 2586 naribus
529 2519 647 2558 auronae

883 2643 895 2680 Ι

204 2837 206 2842 ,
325 2748 403 2822 nn
435 2717 723 2822 veneten.
775 2747 894 2824 ona
926 2733 1000 2827 tx,

291 2939 329 2990 Ut
353 2899 486 3012 mitam
511 2955 626 3008 puerum
653 2937 803 3008 anquando
824 2939 897 3012 flere
924 2939 1042 2992 derinet.

146 3101 177 3159 1.
202 3090 407 3172 llrsnuos]
430 3089 587 3168 horridos,
610 3091 771 3152 desormeie
788 3055 1066 3172 propterhiemem.

12 3191 13 3216 ¹
142 3187 175 3245 2.
198 3178 305 3238 blena
328 3177 521 3260 casuue]
545 3179 628 3258 quod
644 3178 736 3239 estin
751 3178 885 3257 Scythia.
1174 3192 1192 3228 t

12 3299 14 3332 l

12 3333 14 3356 t

12 3389 14 3420 Ι

143 3271 174 3331 3.
200 3263 450 3332 Innuuuanae
477 3263 716 3342 anouauusa]
751 3283 827 3343 quae
845 3280 929 3324 mare
951 3263 1053 3348 (quod
1081 3284 1135 3326 sua
1158 3272 1266 3346 sponte

57 3349 258 3430 tranquillum
290 3359 381 3427 etque
408 3349 532 3426 aequale
558 3359 619 3425 est,
653 3344 867 3431 unda'eequor
889 3348 1077 3432 appellatur)
1107 3351 1266 3429 inaequale

56 3438 202 3498 reddunt.
245 3435 318 3494 Nem
334 3453 414 3494 mare
426 3433 512 3492 nulle
525 3444 683 3494 ventorum
697 3435 729 3494 vi
745 3433 904 3513 agitatum,
929 3437 1020 3495 nullis
1035 3437 1177 3514 procellis
1189 3456 1266 3496 con·
1337 3487 1340 3495 .

57 3525 206 3596 citatum,
229 3520 353 3598 aequale
376 3527 437 3594 est,
460 3528 635 3597 tempestate
656 3529 755 3580 eutem
778 3532 884 3582 coorta
906 3532 935 3582 et
952 3523 1094 3602 procellis
1115 3522 1265 3598 excitatis.
1356 3554 1362 3570 x

55 3619 121 3669 tum
144 3605 180 3667 fit
203 3605 369 3682 inaequale.
411 3603 451 3662 tt.
473 3604 553 3664 Tull.
576 3604 613 3664 de
635 3615 699 3668 nat.
734 3607 863 3666 Deorum
881 3605 938 3679 lib.
961 3615 991 3674 3.
1018 3607 1159 3688 [20‚51.]
1189 3606 1267 3668 heeo

56 3703 206 3774 quattuor
220 3691 390 3768 coniungit,
412 3688 555 3765 imbreie,
578 3691 711 3765 nimbos,
733 3693 898 3770 procellas,
920 3692 1065 3754 turbines.
1091 3693 1136 3752 eie
1149 3701 1179 3754 et
1193 3693 1268 3754 Phi·

56 3782 172 3860 lippica
190 3781 219 3842 6.
236 3779 278 3850 [6,
298 3781 358 3848 te]
378 3772 575 3850 betoaenea,
597 3797 649 3836 oar
663 3773 717 3834 tex
735 3791 797 3836 tom
808 3775 983 3858 praeclare,
1005 3780 1143 3840 maximo
1160 3778 1266 3854 imbri,

55 3875 244 3946 tempestate,
279 3862 392 3936 venete,
414 3857 572 3941 procellis,
610 3859 790 3938 turbinibus,
826 3863 901 3922 inter
919 3860 1062 3948 fulmine
1083 3879 1111 3924 et
1135 3867 1267 3926 tenurae

70 3966 195 4010 erretur.

53 3951 77 4034 f
143 4037 177 4100 5.
201 4031 368 4090 Guaems
389 4025 521 4110 aneas]
546 4047 624 4108 quea
637 4038 666 4090 et
681 4029 791 4090 fluvios
809 4039 839 4092 at
858 4043 955 4108 egros·
969 4031 1098 4094 inerteie'
1115 4033 1267 4112 quodam·
1287 4060 1290 4066 ’

55 4121 149 4180 modo
168 4115 278 4190 efficit,
300 4115 368 4176 illos
391 4113 429 4175 ed
451 4115 669 4192 navigationem
693 4117 826 4199 ineptos,
848 4115 904 4176 hoe
926 4119 1053 4182 sterileie
1072 4127 1103 4179 et
1124 4119 1265 4183 incultos.

55 4209 156 4267 Aliter
169 4217 281 4263 terram
296 4202 415 4260 inertem
426 4199 564 4268 nominat
579 4199 636 4260 Od.
652 4221 693 4260 ev.
713 4202 764 4260 lib.
779 4209 811 4268 8.
838 4197 885 4282 [a.
899 4201 968 4283 45.]
1054 4219 1056 4226 ’

142 4297 175 4358 7.
199 4287 419 4360 Quanoaua
442 4283 645 4366 Gnaeum]
668 4287 823 4364 Garganus
842 4308 928 4348 mona
951 4289 1078 4369 Apuliae
1099 4306 1152 4347 seu
1167 4287 1267 4368 lapy-

54 4378 132 4457 giae.
165 4374 252 4436 Idem
267 4369 354 4452 epist.
370 4369 410 4435 ed
425 4369 551 4453 Augen.
567 4367 616 4455 [u,
634 4377 662 4449 1,
677 4371 765 4454 202]
791 4370 962 4454 Gorgonum
975 4375 1087 4456 mugire
1104 4370 1189 4461 piatos
1209 4395 1267 4434 ne·-

125 4562 162 4619 Ἴ.
181 4562 209 4619 d·
223 4571 334 4658 asam.
