2882 5048
274 229 1010 339 .onvxesu.navist-1⁶.
1132 256 1136 266 ¹
1202 259 1266 326 aa

60 423 142 484 dum
155 423 268 490 valeres
289 424 341 486 ssd
362 445 397 486 ae
414 433 443 502 et
458 409 546 486 tactii
564 426 719 504 ignavum:
737 427 857 508 ¹quippe
871 427 925 507 qui
941 415 1120 506 maledicat,
1132 436 1176 490 ot
1190 449 1267 509 pre·-

60 511 146 572 tium
161 511 301 592 accipiat:
325 531 385 592 quo
400 511 426 570 ei
447 511 547 571 ablato
567 521 675 573 taceat.
946 567 954 592 ,

156 601 206 660 13.
228 595 384 668 Qnsars'
401 597 611 679 Lscspaase
633 593 730 676 οη]
751 595 783 656 id
798 605 854 667 est.
871 597 969 676 qualis
985 595 1196 672 Archilochus,
1215 597 1268 677 qui

62 681 240 759 Lycamben
253 698 391 741 socerum
405 691 581 762 propterea,
603 683 685 764 quod
700 679 752 740 ille
767 681 859 742 filiam
883 703 966 742 suam
982 683 1040 742 sibi
1059 684 1116 742 iam
1132 684 1269 762 despon-

64 787 133 826 sam
149 775 261 826 mutate
278 768 433 826 voluntate
449 787 480 828 se
494 767 633 827 daturum
649 777 788 846 negarat,
810 775 872 828 tam
887 765 1043 830 maledicis
1061 777 1090 828 et
1108 777 1270 838 contusus-
1320 829 1323 836 ,

64 851 153 910 liceis
167 851 303 912 versibus
318 853 481 915 insectatus
495 862 539 913 est
548 896 557 924 ‚
579 853 709 930 utillum
728 852 905 929 aegritudini
920 853 1010 912 animi
1024 853 1186 912 remedium
1205 873 1270 912 sus·

64 937 184 1017 pendia
200 957 343 1016 quaerere
363 939 495 1016 coegerit
516 947 606 1017 atque
630 939 666 998 ad
687 939 767 998 idem
788 940 893 996 mortis
916 929 1009 1016 g’enm
1030 957 1168 1018 sponsam
1190 957 1270 1016 quo·
1312 1013 1314 1020 Ι

63 1037 232 1100 ‘quesuam
249 1022 389 1101 adegerit.
404 1023 472 1084 inlr.
487 1023 576 1104 epist.
594 1025 631 1082 ed
647 1025 776 1084 Maecen.
790 1025 820 1088 3.
837 1024 886 1085 lib.
906 1031 932 1090 1.
951 1022 1016 1102 [19,
1033 1021 1097 1102 80.]
1118 1017 1203 1082 'Nec
1219 1043 1272 1081 so-

68 1129 170 1166 cerum
188 1110 317 1188 quaerit,
340 1131 423 1189 quem
446 1106 574 1168 uersibus
591 1105 706 1167 oblinat
724 1110 815 1184 atris,
836 1107 900 1166 Nec
920 1126 1044 1187 sponsas
1066 1104 1200 1188 laqueum
1215 1105 1273 1188 fa·
1299 1137 1307 1146 -
1389 1131 1395 1138 ·

66 1213 154 1252 moso
171 1194 298 1251 carmine
312 1195 409 1254 nectit.
432 1203 462 1253 et
476 1194 508 1252 in
524 1195 608 1273 epist.
624 1194 660 1253 sle
675 1195 747 1254 Arte
760 1198 839 1272 poit.
856 1189 939 1274 [79.]
975 1190 1191 1267 Archilochum
1204 1213 1273 1272 pro-

65 1277 137 1358 prio
154 1275 516 1339 rabiesonnauit'iamho.
857 1304 860 1312 ·
896 1303 899 1312 ·

160 1361 209 1426 14.
232 1362 315 1421 hur
337 1383 434 1425 acen
456 1383 565 1426 noer.
589 1361 760 1442 Bursao]
787 1361 952 1442 Hipponax
978 1361 1273 1442 potta,iambornm
1305 1377 1309 1393 ·
1378 1339 1385 1350 ⁸

68 1445 145 1506 item
161 1445 309 1527 scriptor,
331 1447 514 1508 Archilocho
530 1457 625 1507 aetate
641 1449 806 1528 posterior:
830 1447 898 1527 qui,
921 1456 961 1506 ut⁴
969 1447 1062 1506 tradit
1076 1447 1198 1524 Dionys.
1214 1445 1273 1503 lla.

69 1531 176 1593 licarn.
186 1577 195 1606 ,
221 1533 389 1592 trimetrum
403 1533 631 1594 Archilochium
648 1535 685 1593 de
700 1531 846 1592 industfla
864 1533 895 1590 in
912 1541 1079 1590 scazontem
1096 1531 1275 1601 intexitur

69 1615 278 1676 vehementius
298 1617 410 1678 feriret.
454 1620 494 1679 Μ.
508 1619 595 1694 Tull.
608 1619 658 1680 lib.
674 1627 704 1683 7.
725 1619 811 1698 epist.
832 1615 917 1700 [27]
942 1613 980 1676 do
997 1615 1134 1694 Tigellio,
1155 1631 1275 1696 eumque
1348 1629 1357 1638 ·

71 1699 227 1760 addictum
248 1705 307 1761 iam
331 1717 391 1761 turn
413 1717 486 1786 puto
510 1701 595 1764 Calui
612 1703 729 1764 Licinii
747 1701 956 1782 Hipponacteo
977 1703 1144 1778 praeconio.
1190 1701 1273 1758 ldem
1329 1729 1335 1742 ·

70 1785 127 1845 lib.
142 1794 172 1852 3.
190 1787 228 1846 de
248 1796 309 1847 nat.
329 1789 415 1850 lleor.
436 1787 502 1866 [38,
519 1784 586 1866 stt]
629 1787 733 1870 Neque
750 1791 826 1846 enim
845 1809 927 1869 quem
942 1785 1145 1866 Hipponactis
1159 1783 1275 1844 iambus

21 1902 26 1908 ·
72 1867 196 1930 laeserat
209 1874 326 1953 autqui
340 1887 401 1931 erat
416 1870 596 1953 Archilochi
612 1895 695 1932 versu
716 1869 900 1948 uulneratus,
922 1891 942 1929 a
958 1868 1012 1930 deo
1029 1873 1189 1930 immissum
1211 1868 1275 1928 do·
1310 1869 1315 1896 '

74 1953 185 2034 lorem,
207 1978 265 2015 non
292 1971 460 2038 conceptum
478 1979 497 2016 c
513 1979 543 2015 se
557 1958 639 2035 ipso,
662 1955 830 2015 continebat
851 1965 908 2017 etc.
953 1952 1143 2034 Hipponacti
1163 1949 1288 2036 (inquit¹

73 2041 189 2102 Plinius
205 2039 258 2102 lib.
276 2043 326 2106 36.
349 2063 413 2119 cup.
428 2037 472 2126 5.)
496 2038 780 2122 notabilissoeditas
799 2036 895 2099 uultus
907 2052 979 2100 erat.
995 2035 1182 2120 qiusmobrem
1199 2041 1274 2097 ima·

70 2128 170 2207 ginsm
196 2128 257 2185 eius
279 2124 403 2186 lasciuia
426 2123 558 2188 iocorum
583 2123 718 2203 Bupalus
739 2139 771 2208 et¹
784 2123 966 2184 Anthemus
986 2120 1147 2204 sculptores
1163 2121 1277 2206 fratm

70 2233 246 2355 {iiiiii
256 2207 663 2370 tltllttthlj‘ll
676 2204 1276 2376 {lttttttfttlttttzt'tttt'ltl't‘t}
1357 2323 1359 2326 -

75 2375 265 2460 compulisse,
292 2377 505 2464 quodfalsum
525 2393 573 2438 est.
596 2374 750 2458 complura
769 2378 843 2438 enim
863 2379 894 2436 in
905 2374 1165 2459 finitimis¹insulis
1180 2376 1277 2443 simu-

19 2503 22 2508 ·
76 2461 162 2522 locro
175 2480 276 2545 postea
284 2463 401 2550 secere,
424 2466 499 2523 sicut
513 2465 543 2544 in
558 2459 652 2538 Delo,
675 2460 780 2543 quibus
795 2459 976 2520 subiecerunt
993 2482 1127 2534 carmen,
1152 2482 1209 2519 non
1224 2461 1277 2520 vi-
1326 2459 1331 2468 '

75 2547 154 2608 tibus
167 2563 281 2608 tantum
298 2549 406 2608 censeri
422 2545 534 2622 Chium,
553 2543 604 2604 sed
618 2561 645 2606 et
661 2543 793 2618 operibus
806 2540 1119 2625 Anthermifiliorum.
1155 2541 1275 2624 Bupalo

76 2644 175 2693 sutem
190 2633 348 2712 legendum
369 2653 448 2702 esse,
469 2651 529 2692 non
549 2627 686 2704 Bubnlo,
709 2639 738 2688 et
759 2629 830 2688 libri
848 2631 911 2688 lere
933 2648 1035 2688 omnes
1049 2639 1166 2688 veteres
1187 2629 1276 2690 fidem
1358 2679 1362 2686 .

56 2719 191 2778 'faciunt
207 2729 235 2778 ct
250 2721 300 2778 illu
321 2713 490 2793 declarant,
513 2735 588 2797 quse
610 2723 731 2776 exstent
748 2713 800 2774 lib.
815 2717 845 2780 3.
867 2714 961 2794 epigr.
978 2715 1082 2774 Graec.
1098 2713 1129 2772 in
1144 2713 1276 2794 Hippon.

78 2801 155 2882 [llsl.
172 2803 271 2884 Epigr.
291 2805 337 2862 ed.
355 2803 520 2878 lacobus,
538 2799 602 2880 52]
641 2792 681 2862 Ὦ
698 2802 788 2876 ξεῖνε,
811 2798 904 2879 φεῦγέ
924 2795 978 2862 τὸν
995 2803 1143 2883 potulenti
1165 2795 1276 2877 τάφον,

81 2885 141 2951 Τὸν
156 2884 284 2970 φρικτὸν
294 2885 509 2962 lassarentur,
534 2879 604 2950 oriae
616 2879 641 2965 χ’
657 2883 678 2959 oi
690 2884 784 2965 τέφρα
796 2877 953 2966 Ἰαμβιᾶζει
964 2879 1151 2947 Bounoileror
1164 2883 1196 2958 ἐς
1209 2878 1277 2947 orai-

76 2998 129 3056 γος
150 2983 208 3034 etc.
236 2973 269 3058 id
293 2983 352 3049 est,
375 2996 393 3034 o
415 2973 544 3052 hospes,
575 2973 645 3049 luge
670 2969 868 3050 Hipponactis
889 2969 1063 3050 sepulcrum
1080 2967 1277 3047 horrendum,

78 3060 239 3120 verborum
258 3060 403 3137 grandine
423 3059 581 3135 refertum,
612 3056 699 3116 cuius
722 3056 811 3116 stiam
834 3055 910 3116 cinis
929 3055 1058 3116 iambo?
1067 3045 1222 3135 intorquet
1244 3057 1278 3115 in

78 3145 178 3204 odium
192 3147 236 3204 Ru
260 3145 307 3206 eli.
777 3153 783 3163 '

165 3237 214 3297 16.
235 3167 406 3290 linceus
428 3249 475 3289 ar
497 3217 619 3288 saiso
642 3225 784 3305 eueni]
814 3225 955 3306 frequens
979 3234 1023 3285 cst
1043 3222 1092 3284 bis
1118 3224 1276 3302 generibus

79 3315 220 3394 loquendi
234 3315 397 3389 Homerus,
420 3335 479 3373 non
493 3333 541 3372 me
561 3311 707 3388 terrebis,
728 3321 765 3370 ut
784 3326 922 3391 puerum.
943 3331 1002 3371 non
1024 3319 1054 3370 te
1076 3310 1276 3386 extimescam,

80 3410 116 3458 at
144 3419 228 3479 puer.
256 3419 316 3458 uno
347 3399 479 3459 contenti
509 3395 619 3457 erimus
647 3397 794 3475 exemplo.
845 3392 957 3456 llector
985 3393 1096 3454 Achilli
1122 3389 1213 3458 tritt.
1235 3391 1274 3456 u'.

82 3483 122 3564 [r.
130 3489 191 3549 481
207 3483 263 3563 sq.]
287 3485 433 3581 Πηλείδῃ,
454 3479 496 3564 μὴ
511 3477 551 3560 δή
564 3476 603 3562 μ’γ
616 3481 733 3546 ἐπέεσσί
750 3504 794 3564 ys,
815 3477 965 3560 νηπύτιον
980 3476 1038 3556 dic,
1054 3476 1167 3543 ”Eiuro
1186 3481 1279 3543 desdl-

81 3571 196 3645 ξεσθαι.
217 3569 250 3628 id
266 3579 329 3640 est,
352 3569 472 3643 Pelide,
496 3587 534 3626 ne
547 3587 635 3647 spera
649 3576 678 3626 te
691 3565 780 3642 mibi,
802 3576 836 3626 ut
849 3586 958 3645 puero,
980 3575 1126 3626 terrorem
1141 3565 1277 3626 incussu-

81 3675 156 3719 rum.
179 3655 223 3714 sic
240 3655 333 3732 igitur
345 3655 489 3717 Horatius
504 3649 563 3712 hoc
577 3653 658 3724 loco,
681 3672 733 3728 sn,
755 3652 866 3730 siquis
887 3650 959 3710 mihi
975 3649 1178 3728 maledixerit,
1201 3671 1278 3710 con·
1327 3683 1340 3726 ¹,
1431 3669 1432 3678 ¹

80 3741 190 3818 fugiam
205 3739 243 3799 sd
256 3739 358 3800 fletum
375 3749 405 3802 et
419 3741 567 3818 lacrymas
578 3737 703 3813 inultus,
724 3745 760 3796 ut
774 3756 859 3819 puer,
877 3736 929 3818 qui
943 3735 1075 3800 dolorem
1094 3756 1182 3800 suum
1196 3737 1280 3798 nulle

82 3814 137 3886 alia
151 3826 270 3910 ratione
282 3825 389 3888 ulcisci
400 3823 523 3924 pottstl
545 3823 665 3884 mirrime
678 3841 762 3884 vero.
823 3877 824 3882 ,
934 3879 935 3886 ,
