2882 5048
156 249 222 320 600
288 291 293 306 ·
450 243 652 314 nonest!
679 245 875 314 EPODON
903 247 1052 314 tisun

158 421 284 506 attoooa
303 415 416 530 ἔκοντο
435 413 571 496 κόκκων,
601 415 681 506 pipp
701 413 867 486 λεόντεσσιν
891 413 1064 502 iyposipmc
1085 416 1234 500 ἔπρασσεν
1253 411 1356 510 φόνον,

157 501 296 588 κόσμους
309 531 325 595 ν
354 507 471 588 ἔνασσεν
486 515 543 570 etc.
565 501 597 565 id
614 515 670 582 est,
684 505 783 582 ,ssavus
802 515 900 566 autem
916 505 1049 566 Achilles
1064 505 1097 564 in
1111 505 1203 564 domo
1217 503 1358 584 Philyrae

158 603 189 655 et
210 589 350 652 Chironis
372 591 528 667 habitans,
548 609 625 672 puer
646 611 715 652 oum
738 601 834 667 esset,
864 589 954 650 ludos
970 593 1065 650 aerios
1087 591 1227 666 ludebat,
1250 589 1357 650 crebro

31 731 37 744 ,
157 678 294 738 manibus
309 677 401 736 telum
416 687 559 742 murrone
572 677 670 737 terreo
685 677 875 738 celerrimum
891 676 1012 752 iaciens,
1027 675 1166 738 leonibus
1180 675 1357 743 immanibus

156 759 396 844 caedem'pugua
412 763 559 822 inserebat
573 753 722 842 aprosque
748 761 949 824 interficiebat
964 772 1020 826 eto.

241 854 291 914 11.
314 846 480 930 enasor]
502 867 563 908 nou
581 855 695 926 aetate,
716 849 770 908 sed
788 867 911 928 genere,
934 847 1047 924 animo,
1068 845 1170 908 indole
1186 854 1218 906 et
1228 865 1288 926 spe
1303 865 1357 905 re-

154 953 224 996 rum
239 931 443 1012 gerendarum.
920 923 925 949 ¹

227 1023 292 1084 '1s.
314 1013 492 1102 sunnio]
518 1015 643 1094 echini,
665 1037 752 1098 quem
772 1017 847 1076 aluit
867 1025 957 1096 atque
975 1015 1094 1076 erudiit.
1117 1017 1259 1076 alumnus
1277 1035 1356 1074 eern-

157 1123 297 1188 pereum
318 1103 481 1181 significet,
503 1104 682 1184 quitantur,
712 1103 847 1180 quamvis
875 1104 990 1164 amicus
1013 1102 1135 1180 quidam
1160 1121 1246 1160 meus
1272 1101 1357 1160 aliter

157 1189 274 1254 sentiat.
293 1191 378 1272 epist.
393 1197 422 1254 4.
443 1189 499 1249 lib.
517 1195 546 1254 1.
570 1188 612 1268 [v.
628 1186 670 1266 8.]
695 1184 776 1264 Quid
792 1203 893 1246 uoueret
909 1183 993 1247 dulci
1008 1183 1159 1248 nutricula
1171 1189 1270 1246 mairie
1286 1183 1359 1246 alu·

157 1297 226 1336 mnu
242 1283 300 1334 etc.
321 1275 548 1334 innumerabilia
564 1281 636 1332 sunt
655 1273 713 1330 alie
730 1293 766 1332 ex
782 1271 869 1332 bonis
884 1271 1084 1352 scriptoribus
1104 1272 1252 1352 exempla.

244 1365 294 1425 12.
316 1359 516 1418 Nostrates
540 1355 638 1440 Dea]
661 1357 739 1416 inest
759 1355 957 1418 antithesis'in
976 1355 1024 1416 liis
1043 1357 1160 1416 dnobus
1176 1355 1358 1419 nominibus.

245 1449 295 1508 12.
319 1463 416 1503 nare
437 1463 535 1502 rnen
557 1441 754 1522 Tnsrrns]
779 1443 896 1522 Ubique
916 1441 1065 1502 llomerus
1080 1441 1229 1502 Achillem
1252 1439 1358 1500 Theti-

157 1527 207 1588 dis
229 1527 323 1588 lilium
343 1529 415 1586 iacit
437 1539 467 1586 et
489 1529 560 1588 item
575 1527 732 1590 Pindarus.
747 1527 797 1586 alii
809 1539 918 1604 sutem,
933 1532 981 1600 (ut
995 1523 1089 1586 tradit
1102 1529 1253 1608 interpres
1267 1525 1360 1606 Apol·

158 1613 232 1672 lonii
249 1613 299 1672 lib.
318 1620 344 1678 t.
359 1609 483 1694 Argon.)
506 1611 695 1672 aPhilomila
717 1613 845 1692 qua'dam
860 1623 963 1672 netum
980 1633 1043 1674 esse
1059 1613 1177 1672 volunt.
1221 1611 1360 1670 Catullus

158 1695 1360 1864 ll,tlltl'lllt:illittlttlf,itltllltlsfftillllltttlt

159 1867 294 1944 duxissa,
316 1869 404 1928 Peleo
419 1869 540 1928 mortali
552 1867 674 1930 nubere.
696 1867 771 1928 Nam
786 1868 867 1948 opud
882 1866 1046 1928 Homerum
1058 1869 1094 1930 ll.
1102 1863 1136 1930 d.
1152 1867 1193 1948 [v.
1203 1867 1358 1948 429⁸qu

157 1952 260 2014 Thetis
274 1955 304 2012 in
318 1955 445 2014 maxime
459 1973 580 2014 suarum
595 1953 780 2014 miseriorum
793 1962 878 2033 parte
891 1963 1036 2029 numerat,
1053 1953 1133 2034 quod
1152 1955 1219 2034 ipsa
1234 1955 1360 2012 immor·

157 2039 226 2100 talis
244 2039 377 2100 mortalia
394 2041 506 2100 lectum
521 2049 550 2098 et
566 2039 757 2119 complexum
775 2039 876 2098 subire
892 2047 998 2100 coacte
1018 2040 1073 2098 sit:
1093 2037 1141 2098 hie
1158 2039 1238 2097 enim
1258 2037 1359 2097 verbis

158 2123 197 2184 de
218 2125 288 2184 love
307 2125 461 2204 queritur,
473 2118 622 2202 Ἥφαιστ’
648 2117 745 2204 alipes
761 2119 800 2204 δή
817 2147 878 2200 τις,
899 2117 969 2186 ὅσαι
989 2125 1062 2186 θεοί
1078 2117 1135 2186 slu'
1155 2123 1189 2186 ἐν
1207 2117 1360 2208 Ὀλύμπῳ,

162 2203 290 2270 Touorid’
297 2209 341 2272 ἐνὶ
351 2209 458 2290 φρεσὶν
467 2201 538 2298 ᾖσιν
547 2205 602 2272 οἷνὲ
637 2201 1064 2290 ετοκήδεαλυμρό,”οσσ’ἒμοὶ
1079 2206 1240 2272 &uesicae
1248 2210 1359 2288 Κρονί-

158 2293 214 2364 δης
224 2291 302 2359 stc
315 2291 393 2376 ἄλγε’
410 2294 536 2371 flironte,-
551 2305 608 2354 etc.
624 2293 734 2352 deinde
752 2295 854 2374 paullo
870 2303 949 2372 post,
963 2293 1013 2356 nol
1030 2293 1115 2372 drino
1128 2289 1236 2372 ἀνέρος
1252 2287 1361 2372 εόνήν,

161 2363 350 2448 Holidpo't'
367 2373 594 2442 οέυιθέιουσα.
624 2379 773 2438 Pindarus
784 2389 881 2438 autern
897 2377 1163 2444 inNem.oorm.4:
1175 2375 1358 2456 [v.t⁰1sq.]
1420 2435 1421 2440 ,

53 2480 55 2488 v
156 2449 319 2528 perspicue
333 2451 488 2528 significat,
510 2461 676 2530 thetidem,
697 2481 764 2520 curn
781 2484 843 2522 eam
852 2463 966 2542 Iupiter
983 2465 1014 2522 in
1030 2463 1251 2524 matrimonium
1268 2462 1358 2520 Peleo

159 2535 309 2594 collocare
324 2535 434 2612 vellet,
456 2559 520 2598 aeee
538 2537 571 2596 in
586 2540 700 2618 ignem,
721 2541 838 2605 leonem
852 2559 942 2622 atque
962 2547 1035 2607 elias
1047 2545 1179 2622 formas,
1203 2547 1308 2606 Protei
1329 2547 1358 2606 iu

158 2639 287 2696 morem,
308 2623 451 2698 vertisse,
474 2623 593 2682 Peleum
607 2645 680 2684 vero
694 2623 742 2684 hie
757 2627 893 2686 omuibus
907 2633 1053 2710 repressis
1066 2651 1100 2690 ae
1117 2634 1279 2710 superetis,
1294 2633 1359 2690 eim

149 2705 279 2784 'nuptias
295 2725 492 2786 expugnasse.
536 2707 632 2768 Verba
648 2709 768 2771 Pindari
782 2723 850 2772 aunt
865 2711 939 2772 haee
958 2714 997 2774 de
1011 2713 1118 2788 Peleo,
1140 2717 1212 2800 Πῦρ
1227 2715 1264 2778 δὲ
1284 2741 1361 2798 πυγ-

156 2787 278 2870 κρσσές,
298 2795 513 2872 θρασεομυχᾶν
528 2815 560 2856 σε
577 2787 706 2856 λεόντων
727 2793 835 2876 ὄνυχος
853 2789 1026 2874 ὀξυτάτους,
1048 2793 1148 2882 euple
1166 2824 1198 2866 σε
1217 2797 1361 2866 δεινοτό-
1418 2857 1419 2866 ,

156 2895 217 2934 συν
233 2867 342 2954 optione
359 2869 510 2953 dddveeov,
535 2877 641 2960 ἔγαμεν
653 2875 840 2964 ὑψιθρόνων
851 2883 923 2962 μίαν
937 2887 1105 2966 Νηρεΐδων.
1122 2885 1153 2944 id
1170 2897 1224 2966 est
1249 2887 1360 2948 Peleus

158 2967 271 3032 autem,
295 2977 362 3020 eum
375 2962 471 3038 ignem
493 2970 589 3021 omnia
606 2977 795 3044 inperialem
810 2977 840 3027 et
856 2967 1013 3027 audacium
1028 2970 1146 3030 leonum
1162 2973 1362 3032 acutissimos

156 3043 282 3118 uagueie
302 3043 453 3124 aciemque
472 3045 665 3108 horribilium
683 3051 816 3110 dentium
834 3049 1030 3132 cohibuisset,
1052 3075 1141 3116 unam
1158 3077 1197 3117 ex
1211 3059 1363 3119 Nereidi·

156 3125 461 3190 busuxoremduxit.
504 3133 583 3192 ldem
601 3131 703 3194 lsthm.
724 3135 777 3198 ato.
791 3131 829 3216 η’.
847 3135 888 3218 [ν.
906 3143 946 3204 67
962 3139 1041 3218 sqq.]
1064 3151 1181 3216 narrat,
1207 3143 1363 3206 lovemet
1416 3181 1418 3196 ‹

154 3211 325 3292 Neptunum
345 3213 480 3275 Thetidis
493 3239 594 3277 amore
608 3220 714 3279 mirum
734 3222 765 3279 in
781 3223 902 3282 modum
923 3224 1063 3296 flagrasse
1085 3227 1181 3305 deque
1206 3230 1273 3288 eius
1294 3251 1363 3290 nu-

153 3298 226 3380 ptiis
244 3299 296 3358 diu
311 3299 389 3359 inter
410 3321 441 3361 so
457 3303 661 3380 contendisse,
684 3305 737 3366 aed
750 3305 891 3382 Themin,
911 3329 949 3367 ne
968 3307 1022 3368 hae
1037 3313 1160 3392 nuptias
1177 3313 1220 3374 ita
1241 3317 1362 3396 cupide

154 3377 350 3462 expeterent,‘
362 3385 545 3462 dissuasisse,
567 3389 636 3468 quie
655 3411 671 3448 a
686 3391 786 3450 Parcis
802 3393 996 3452 constitutum
1011 3405 1043 3456 et
1057 3399 1249 3475 praedictum
1264 3412 1360 3478 esset,

136 3465 237 3543 'eum,
260 3471 362 3549 quiex
380 3469 506 3534 Thetide
520 3471 700 3550 nasceretur,
722 3485 805 3561 patre
819 3478 970 3540 meliorem
988 3501 1024 3538 eo
1039 3485 1291 3560 praestantiorem
1307 3488 1359 3548 fu-

152 3559 251 3612 turum
268 3555 418 3634 telumque
434 3558 514 3616 loris
526 3560 650 3620 fulmine
666 3563 815 3640 potentius
836 3565 1011 3638 missurum,
1035 3567 1062 3624 si
1077 3549 1192 3647 iupiter
1211 3591 1279 3630 eam
1297 3573 1359 3632 du-

152 3646 232 3696 ceret
246 3657 386 3708 uxorem,
410 3653 462 3700 sut
473 3643 604 3722 Neptuni
620 3647 759 3722 tridente,
772 3650 797 3705 si
812 3649 951 3728 Neptuno
965 3647 1067 3710 Thetis
1079 3653 1213 3717 nuberet.
1248 3655 1358 3716 Verba

151 3721 270 3780 Pindari
288 3733 358 3782 sunt
374 3723 466 3800 haec,
494 3725 568 3790 Eine
583 3724 615 3792 d’
634 3727 778 3810 εὔβουλος
796 3732 829 3795 ἐν
844 3733 960 3813 μέσοισι
974 3735 1081 3813 Θέμις·
1104 3737 1217 3800 εἵνεκεν
1228 3763 1358 3824 πεπρο-

79 3819 81 3824 ’
152 3803 244 3884 μόνον
266 3797 322 3886 ἦν,
345 3807 487 3888 φὲρκερον
502 3809 593 3891 μόνον
609 3811 723 3876 ἄνακτα
739 3813 849 3898 πατρὸς
868 3826 964 3881 τεκεῖν
982 3822 1109 3882 ποντίαν
1126 3816 1220 3898 θεόν,
1242 3821 1357 3900 &za-

149 3894 266 3970 puuuosi
287 3915 318 3953 τε
336 3893 461 3968 κρέσσον
482 3893 555 3960 silio
577 3899 663 3980 βέλος
682 3899 781 3976 ordgar
802 3902 875 3985 χειρὶ
896 3899 1062 3984 τριόδοντός
1080 3899 1109 3966 τ’
1129 3902 1355 3990 ἀμαιμακέτου,

147 3977 204 4038 Διῒ
220 3975 419 4076 μκσμομὲννν,
444 3975 467 4060 ἢ
498 3979 573 4056 Διός
596 3979 672 4066 παρ’
696 3981 880 4068 oidelpoiuw.
903 4009 972 4050 cum
992 3989 1122 4050 Pindaro
1147 3997 1293 4072 congruit
1322 4011 1358 4060 et

146 4059 323 4139 Apollonius
343 4062 396 4124 nb.
411 4067 441 4130 4.
460 4065 568 4139 Argon.
589 4067 633 4150 [ν.
648 4075 710 4138 799
726 4071 804 4152 sqq.]
837 4070 958 4155 Ἔμπης
980 4069 1012 4136 d’
1039 4070 1078 4140 ον’
1098 4081 1261 4156 μεθίεσκεν
1282 4077 1355 4146 drzu

145 4141 266 4207 κτεόων
278 4141 438 4252 etampes,
463 4145 568 4225 Εἰςόκε
580 4155 613 4216 oi
626 4153 786 4236 πρέσβειρα
802 4156 893 4238 Θέμις
910 4158 1062 4234 κατέλεξεν
1077 4157 1214 4242 ἅπαντα,
1227 4161 1291 4242 Ὣς
1304 4165 1353 4252 δή

143 4229 352 4327 συνκέπμωτοι
363 4236 507 4310 ομεὶνονα
525 4235 638 4318 πατρός
658 4239 721 4303 ἑοῖο
737 4243 839 4304 liniis
858 4251 963 4308 τεκεῖν.
984 4245 1095 4322 idest,
1118 4267 1225 4311 verum
1241 4261 1354 4316 tamen

143 4333 203 4374 nou
217 4317 432 4379 intermittebat
452 4340 516 4380 eam
530 4321 654 4384 invitam
667 4325 842 4402 observare,
865 4329 963 4390 donec
986 4333 1158 4394 venerande
1174 4333 1298 4398 Themis
1319 4341 1352 4400 ei

142 4399 240 4458 onmia
260 4403 416 4481 exposuit,
439 4425 545 4488 nempe
557 4409 646 4470 letale
664 4431 746 4488 esse,
769 4411 882 4490 lilium,
905 4415 957 4494 qui
971 4435 1009 4474 ex
1021 4435 1055 4476 ea
1075 4430 1267 4499 nasceretur,
1284 4445 1351 4502 pa-

141 4491 187 4544 tre
201 4503 256 4545 auo
270 4487 425 4550 meliorem
441 4489 585 4556 futurum.
628 4493 751 4560 [lameri
769 4499 949 4580 interpretes
963 4499 1088 4565 mdunt
1106 4504 1144 4570 u„
1156 4497 1211 4584 ab,
1232 4507 1348 4572 iorem

1414 3513 1417 3554 t

1409 4917 1413 5007 l
