2894 5052
238 157 380 238 mnu
432 173 601 240 oumv.
644 181 748 248 ecs.
796 175 867 240 ou.
886 177 964 279 av.
996 199 1027 242 v.
1050 121 1179 250 1420,
1218 139 1317 252 'm
1365 141 1381 160 ”

39 311 41 372 3
102 345 200 408 etiam
215 347 295 408 lauri
311 355 376 414 erte
394 345 530 410 adbibita
542 347 699 410 frondibus
715 349 895 428 silvescant,
915 339 1121 432 latissimeque
1133 369 1233 414 remu
1248 370 1321 414 suos

38 443 40 498 L
101 432 282 494 diffundant
296 433 335 493 ad
351 434 557 496 excludendos
572 435 646 496 solis
661 435 793 496 arderes.
841 487 844 494 .

195 523 226 584 9.
248 517 454 580 Fravrnos
474 517 682 584 Exounnsr
703 519 836 600 accus]
858 519 903 586 sic
916 519 1087 600 legendum,
1110 519 1321 584 etitslsubent

36 613 37 628 ¹
104 603 330 664 emendatiores
356 604 426 666 libri
448 614 479 664 et
499 615 616 666 veteres
635 616 666 667 et
687 607 835 686 impressi.
887 605 962 666 Num
983 605 1066 685 quod
1087 607 1119 665 in
1133 607 1320 686 ‘quibusdem

35 698 36 720 ¹
103 689 222 766 legitur
237 686 389 750 Excludet
403 701 516 766 oestuo,
539 701 608 750 nata
625 689 699 752 baec
711 693 861 772 scriptura
876 701 923 752 est
940 711 978 751 ex
996 691 1188 754 annotatione
1210 701 1240 753 et
1261 695 1320 753 de·
1426 746 1430 754 ,

105 775 276 836 eiuratione
298 775 460 838 uerborum
476 769 617 862 fervidos
640 778 731 852 ictus,
754 797 823 836 cum
845 775 883 836 sd
902 797 937 837 ea
958 777 1144 856 ascripsisset
1166 778 1320 838 studiosus

105 859 219 940 aliquis
246 859 392 922 bonerum
415 861 602 934 litterarum,
631 859 666 920 id
683 875 743 939 est,
772 860 846 924 solie
868 878 973 922 aestus.
1016 863 1174 942 Eleganter
1194 863 1321 925 enimet

105 945 230 1005 erudite
255 945 334 1006 dixit
358 946 463 1006 Horat.
482 943 623 1028 servidas
652 949 729 1007 ictus
749 967 806 1029 pro
833 947 986 1008 coloribus
1009 947 1090 1009 solis.
1125 947 1170 1006 sio
1200 947 1319 1010 Lucret.

33 1063 34 1068 κ
104 1031 165 1092 lib.
180 1036 211 1096 2.
233 1029 275 1111 [v.
292 1030 377 1112 807.]
399 1032 521 1092 luminis
541 1032 635 1092 ictum
659 1031 751 1110 dixit,
776 1029 989 1115 Qui'puonium
1031 1029 1141 1092 uadum
1157 1031 1321 1113 g'muuntsu·

104 1115 234 1177 luminis
257 1116 328 1180 ictu.
358 1126 389 1178 et
409 1117 515 1198 paullo
531 1126 604 1177 ante
631 1117 669 1178 de
689 1119 806 1192 coloro,
830 1121 872 1192 [v.
890 1107 974 1192 799]
1035 1131 1099 1178 ecto
1124 1133 1177 1178 aut
1197 1115 1323 1202 obliquo

104 1223 263 1284 percussus
281 1197 347 1262 luce
365 1199 503 1290 effulget.
534 1211 564 1264 et
588 1202 640 1262 lib.
666 1204 697 1269 6.
720 1199 761 1284 [r.
781 1201 866 1284 708]
896 1201 988 1263 Luna
1008 1215 1105 1284 potest
1126 1199 1200 1264 solis
1227 1201 1340 1264 radiis*

104 1301 248 1368 peremto
275 1287 372 1347 niteret
422 1278 529 1367 ltaque
553 1288 634 1370 spud
653 1289 781 1350 eundem
800 1285 861 1349 telo
884 1283 944 1348 diei
965 1307 1053 1368 sueps
1074 1293 1241 1368 usurpetur
1262 1288 1320 1369 pro

104 1371 178 1432 loce
194 1369 255 1430 diei
271 1379 302 1430 et
318 1372 427 1432 lumine
440 1375 522 1448 solis,
545 1382 576 1432 et
590 1370 741 1434 radiorum
756 1375 834 1446 ictus
851 1393 908 1460 pro
924 1373 996 1434 solis
1011 1373 1121 1432 calore.
1136 1373 1203 1434 eod.
1218 1372 1273 1433 lib.
1288 1373 1320 1439 6.
1421 1405 1424 1412 ·

107 1453 160 1540 [v.
176 1458 241 1528 485
255 1455 317 1537 eq.]
349 1455 387 1518 Et
399 1455 480 1520 radit
492 1456 566 1520 solis
576 1457 723 1542 cogebant
741 1458 870 1541 undique
886 1473 995 1518 terrum
1011 1454 1189 1518 Verberibus
1211 1455 1321 1560 crebris

104 1539 302 1602 extrema-ud
316 1539 421 1604 limina
435 1559 568 1622 opertum
583 1553 640 1608 stc.
662 1543 736 1609 ibid.
752 1545 794 1626 [v.
810 1543 898 1623 607.]
925 1543 964 1604 Ut
978 1557 1064 1626 pueot
1082 1538 1207 1604 accendi
1219 1564 1321 1624 perusa

105 1623 270 1686 ardoribus
291 1627 376 1688 ictus.
403 1627 477 1692 ibid.
502 1629 607 1710 psallo
637 1638 725 1708 post,
756 1629 802 1710 [v.
822 1628 911 1710 612]
940 1625 1125 1714 Aestiferum
1147 1641 1180 1686 ut
1205 1641 1320 1688 tuntum

105 1707 263 1772 radiosum
278 1727 426 1794 exaugeat
443 1715 545 1776 ictursu
568 1723 599 1778 et
619 1714 672 1775 lib.
696 1721 727 1782 6.
752 1713 795 1796 [v.
818 1713 907 1795 618]
933 1713 1000 1774 Aut
1025 1709 1228 1775 dissoluuntur
1247 1709 1321 1801 aplis

105 1817 197 1878 super
211 1797 273 1856 ictu
288 1793 397 1858 colore.
836 1835 839 1847 ι
869 1855 873 1860 ,
998 1867 1002 1872 ¹

196 1885 247 1951 10.
270 1881 352 1942 Nou
373 1874 842 1963 aradum.Paassca.'eto.]
865 1877 1317 1946 ordoetstructurubeeceet:

76 1985 172 2027 'non
200 1965 243 2026 itu
267 1968 487 2070 praescriptum
514 1979 560 2032 est
589 1969 732 2052 auspiciis
759 1967 883 2030 Romuli
913 1976 943 2030 et
972 1966 1091 2027 Catonis
1121 1973 1321 2047 veterumque

105 2072 225 2114 norm.
291 2087 294 2110 ι
611 2086 615 2094 ’
1010 2097 1012 2106 .

197 2141 247 2202 ts.
270 2136 435 2218 Conspe]
457 2161 560 2200 census
580 2149 625 2200 est
640 2149 706 2200 tote
722 2139 768 2202 rei
787 2131 944 2198 familiaris
968 2131 1148 2194 aestimatio:
1169 2133 1236 2214 lege
1258 2154 1320 2196 an·-

106 2223 256 2288 nototion.
285 2223 324 2284 sd
351 2223 439 2286 illum
466 2223 570 2284 locum
599 2222 780 2287 Praeconem
807 2219 887 2280 tenui
915 2239 1012 2280 censis.
1048 2220 1135 2300 epist.
1157 2225 1189 2286 7.
1211 2220 1263 2298 lib.
1290 2223 1319 2278 1.
1425 2280 1427 2292 ,

125 2328 158 2369 v.
180 2309 231 2374 66.

108 2309 126 2390 Ι
170 2305 248 2458 v0141.
270 2391 461 2452 Consonus
494 2387 674 2472 sasernis]
710 2408 884 2465 commune,
916 2383 950 2451 ed
973 2377 1098 2476 secudu,
1128 2397 1190 2460 quc
1212 2379 1318 2442 Latino

107 2479 212 2540 utitur
227 2477 267 2538 bl.
282 2477 473 2550 Tulliusnou
488 2497 549 2538 uuo
567 2477 646 2538 loco.
739 2529 743 2545 ,
851 2493 858 2504 ’
1015 2475 1026 2488 “
1304 2531 1308 2554 ,

174 2567 249 2634 ,14.
277 2581 404 2630 sunna
439 2581 652 2622 nscsmrsn.
679 2559 771 2622 blau.
799 2561 877 2630 eto]
907 2553 991 2616 nulla
1017 2541 1080 2612 illis
1106 2559 1169 2612 erat
1197 2549 1318 2630 privetu

16 2683 17 2696 ο
108 2651 267 2736 porticus,
294 2648 412 2708 obiectu
433 2647 701 2728 septentrionibus,
728 2645 762 2704 in
782 2663 840 2724 qua
863 2639 1084 2702 inambularem
1101 2635 1216 2697 aestivo
1238 2643 1319 2695 tem·

108 2755 204 2818 pore,
233 2737 274 2793 ite
299 2735 376 2808 late,
404 2743 439 2794 ut
469 2732 661 2814 decempedis
689 2751 754 2791 eam
782 2727 1037 2790 commetirentur.
1088 2719 1168 2784 Vide
1202 2719 1319 2786 vitruv.
1395 2781 1398 2792 ,

108 2835 222 2881 musto
243 2828 344 2879 sutem
366 2820 498 2897 positum
522 2814 643 2878 ¹vitietur
665 2837 721 2896 pro
747 2837 864 2888 menso,
896 2812 987 2891 idque
1009 2809 1203 2887 παθτμιοοῖς,
1236 2805 1321 2904 quud

108 2905 224 2988 probat
238 2905 398 2983 Prisclib.
413 2909 442 2972 8.
471 2905 581 2964 Natum
603 2923 641 2962 ox
662 2911 799 2962 veterum
820 2918 922 2972 more,
945 2896 1046 2976 quiin
1069 2911 1209 2972 agrorum
1231 2891 1320 2950 durr-
1387 2948 1389 2954 ,

109 2993 198 3051 mone
221 2995 312 3070 atque
331 2990 528 3070 assignatione
549 2987 671 3070 perticis
691 3007 727 3046 sc
746 2983 937 3063 decempedis
959 3000 1098 3058 agrorum
1120 2975 1241 3038 notum
1261 2995 1320 3049 est·

110 3075 289 3157 quirebant,
313 3077 393 3154 quod
407 3084 471 3136 erat
482 3075 583 3148 metiri,
593 3081 623 3133 et
637 3071 750 3133 metari.
774 3069 909 3130 solebant
922 3067 1014 3126 iidem
1027 3062 1172 3126 limitibus¹
1189 3071 1220 3151 et
1231 3061 1319 3120 metis

112 3181 255 3239 agrorum
271 3161 380 3220 modos
391 3170 421 3221 et
432 3161 544 3220 formes
558 3156 806 3232 circumscribere
820 3163 910 3232 etque
925 3151 1090 3214 includere.
1133 3147 1231 3210 Veler.
1254 3147 1318 3208 esc

109 3247 203 3320 Diris,
231 3245 273 3327 [v.
290 3245 356 3326 45]
380 3244 514 3320 Pes-tica,
536 3265 612 3328 quae
625 3257 740 3302 nostros
753 3253 863 3300 metatu
882 3251 925 3298 est
945 3239 1037 3317 impia
1054 3229 1175 3316 agellos.
1198 3235 1229 3292 el
1251 3231 1320 3290 Ho-
1373 3263 1375 3268 ·

109 3342 171 3394 rat.
188 3334 287 3412 Sutyr.
303 3337 334 3397 2.
356 3331 409 3390 lib.
428 3337 458 3395 Ξ.
480 3329 521 3409 [v.
540 3327 623 3408 tlt]
650 3323 752 3388 videas
770 3337 880 3387 mnata
900 3319 1051 3404 irs-agello
1075 3317 1147 3380 Cum
1167 3336 1272 3399 pecore
1293 3325 1322 3376 el

111 3414 318 3502 nutissortem
333 3413 463 3476 mercede
474 3411 622 3476 colonum.
707 3465 711 3472 .
1162 3417 1166 3424 “
1192 3485 1200 3502 ⁴

202 3505 252 3566 16.
272 3499 534 3580 Excurreuar]
558 3501 656 3578 Satyr.
678 3497 708 3563 4.
728 3495 781 3556 titt.
798 3500 826 3560 1.
855 3491 1001 3570 [v.138.]
1030 3482 1132 3572 Neque
1149 3506 1230 3546 enum
1252 3505 1320 3550 etan

111 3584 241 3650 lectulus
255 3585 308 3646 uui
322 3609 369 3646 me
381 3585 517 3647 Pontou
531 3585 648 3666 excepit
656 3627 666 3660 ,
688 3579 787 3642 desum
803 3577 877 3640 milri
1120 3607 1126 3614 ¹
1165 3611 1183 3668 '.
1322 3619 1333 3636 .

109 3719 113 3722 -
203 3677 253 3737 17.
274 3671 349 3732 Nec
370 3683 602 3732 rourusruar
624 3665 770 3746 ursan]
791 3664 934 3726 vetabunt
953 3661 1050 3738 leges,
1070 3675 1111 3755 ne
1133 3674 1201 3736 qaas
1219 3655 1321 3753 lupum
1400 3701 1408 3708 .

113 3757 182 3820 rari
195 3758 273 3817 forte
288 3758 410 3818 senune
430 3755 564 3816 oblatum
578 3761 750 3836 sperneret,
770 3753 804 3811 iu
825 3771 886 3830 quo
908 3750 1039 3824 iaceret,
1062 3763 1131 3822 quta
1151 3759 1215 3802 non
1238 3757 1322 3838 stnen

112 3844 204 3919 bant,
232 3843 321 3902 villas
347 3851 516 3902 sumtuoess
538 3849 570 3899 et
596 3838 735 3920 porticus
758 3837 927 3897 aedificare.
977 3832 1022 3891 lta
1047 3847 1169 3890 necesse
1189 3835 1263 3902 erat,
1289 3843 1321 3884 tn

113 3925 245 3991 fortuito
261 3928 392 4011 caespite
401 3925 576 4010 recumbere
585 3971 595 4004 ,
616 3923 667 3985 v'el
680 3943 719 3985 ex
730 3920 917 4004 caespitibus
932 3926 963 3980 et
978 3913 1043 3978 lutei
1058 3911 1254 3976 domunculas
1270 3917 1322 3977 ds-

114 4013 251 4077 dificare.
284 4019 287 4029 '
1182 4045 1191 4068 .
1314 4069 1317 4076 ,

204 4105 254 4164 17.
277 4097 516 4176 usamenta]
547 4095 685 4174 agellum.
706 4086 871 4166 ἐλοΐττωοις.
893 4087 946 4152 vel
972 4085 1124 4167 caespitem
1146 4082 1250 4144 locum
1263 4075 1323 4153 ju-
1367 4107 1369 4112 v

113 4185 233 4264 tallige,
255 4183 287 4244 in
303 4203 364 4264 quo
381 4183 507 4263 negotiis
520 4182 612 4240 soluti
626 4181 818 4261 quiescerent
835 4197 871 4238 ac
888 4171 1118 4251 recumberent,
1138 4165 1189 4228 vel
1212 4165 1322 4226 latere·

116 4270 297 4349 ecaespste,
318 4270 399 4329 unde
415 4267 615 4330 aedificarent.
916 4321 918 4326 ,
1162 4277 1167 4326 ζ
1201 4335 1208 4350 ,

204 4359 255 4420 20.
278 4355 305 4414 N
313 4375 392 4415 ovo
414 4350 536 4432 auxo]
548 4355 553 4369 '
566 4369 633 4424 uem¹
646 4349 786 4410 redivivo
805 4345 923 4428 lapide,
946 4339 1001 4404 sed
1021 4358 1103 4400 novo
1128 4347 1159 4400 et
1177 4353 1268 4412 wau,
1288 4341 1324 4394 ut
1409 4397 1410 4410 χ

117 4441 203 4522 apud
218 4441 301 4520 Virg.
315 4441 389 4548 Aen.
405 4447 434 4508 1.
451 4435 599 4523 [r.167·]
621 4436 712 4544 Intus
728 4455 825 4519 uqsue
844 4429 946 4504 dulces
951 4428 1087 4579 girtzoque
1100 4419 1216 4484 sedilis
1233 4439 1323 4480 saxu.
