2908 5056
394 259 970 334 L1132111.0‹1.V‚v.·11-2t.
1076 326 1078 336 ,
1221 265 1291 336 262

1 421 2 452 ³
81 437 142 499 rint
155 456 228 504 suos
244 433 427 516 permutari,
450 449 565 516 quosve
576 432 709 511 Itegulus
723 433 853 500 vetuerit
864 431 991 510 redimi,
1014 453 1083 496 oum
1106 434 1286 510 ostenderet,

82 543 149 598 eos,
172 522 224 602 qui
242 541 306 582 sese
322 519 391 600 oapi
405 519 536 578 vivos·et
549 518 682 596 integros
698 519 779 598 pasti
799 529 912 596 essent,
933 539 1095 600 numquam
1118 521 1213 581 bonos
1232 523 1298 611 mi·l

28 641 33 654 ι
81 609 165 684 lites,
187 616 397 688 posteaquam
414 613 488 664 auro
503 603 630 664 redehati
645 613 759 677 esseut,
778 605 906 666 tuturos.
939 605 981 696 Ap
991 607 1023 666 in
1038 606 1136 686 primo
1151 605 1214 685 tta,
1230 612 1286 682 39]

35 745 42 756 .
83 693 197 754 diserte,
214 692 251 752 de
272 689 493 757 commutandis
516 690 643 770 captivis
670 689 830 750 scribitur:
852 689 896 750 aio
916 692 993 752 eninr
1009 693 1132 768 Cicero,
1153 689 1288 774 Regulus

80 781 176 860 primo
192 767 269 838 dello
283 779 396 838 Punico
410 789 514 856 eaptus
526 797 545 834 n
559 773 683 850 Poenis,
705 797 771 837 oum
793 773 829 834 de
844 777 968 857 captivis
983 775 1200 838 commutandis
1213 775 1305 838 Ra-x

81 885 159 922 mam
174 853 281 922 arideus
293 876 378 938 esset,
400 862 629 944 iurassetque‘se
650 857 829 920 rediturum:
847 857 976 942 primum
991 863 1132 938 retranit,
1155 864 1289 943 captivos

82 944 246 1012 reddendos
263 949 411 1020 praenota
430 945 633 1008 nonomsuit:
657 943 777 1018 deinde,
801 969 867 1006 cum
889 949 1056 1006 retineretur
1076 969 1095 1005 a
1114 949 1220 1029 propia
1243 947 1290 1007 uis
1365 939 1368 948 ¹

81 1046 109 1091 et
119 1033 234 1108 amieis,
259 1029 301 1092 od
313 1028 490 1114 supplicium
506 1028 600 1090 redire
612 1027 729 1104 maluit,
752 1053 840 1112 quam
850 1029 944 1113 fidem
957 1030 1035 1092 hosti
1049 1029 1152 1092 datam
1159 969 1288 1122 saliere.

80 1116 163 1177 idem
179 1115 234 1180 lib.·
247 1123 277 1185 8.
294 1121 356 1194 [27,
375 1115 457 1194 100.]
486 1111 591 1198 Itaque
609 1112 683 1200 quial
695 1113 806 1200 ficit?
827 1116 858 1175 in
874 1113 1004 1182 renatum
1025 1118 1122 1176 venir:
1143 1114 1290 1176 mandatu

81 1204 237 1282 exposuit:
252 1200 424 1262 sententiam
437 1223 473 1260 ne
488 1197 605 1276 diceret,
622 1201 784 1262 recasavit.-
800 1197 943 1284 quamdiu
959 1181 1148 1268 iuraiurabdo
1160 1199 1290 1262 hortium
1329 1199 1336 1206 ’

80 1287 231 1362 teneretur,
246 1308 306 1346 non
320 1310 379 1347 ease
392 1310 423 1346 se
437 1281 596 1360 consulem,
619 1307 679 1365 non
693 1306 754 1344 asse
765 1300 936 1346 senatorem.
978 1286 1081 1369 Atque
1095 1283 1174 1346 illud
1189 1287 1289 1362 etiam,
1402 1321 1406 1338 ·

52 1406 55 1414 ι
81 1367 115 1454 (o
131 1369 253 1432 stultum
273 1371 444 1446 bominemp
471 1367 584 1432 dixerit
605 1372 769 1452 quispiam,
791 1385 818 1430 et
838 1372 1045 1451 repagiianum
1062 1369 1188 1430 utilitati
1207 1375 1289 1448 auae)
1359 1395 1362 1402 ·

81 1453 168 1516 reddi
183 1459 330 1538 captivos,
352 1456 468 1538 negauit
485 1478 545 1514 esse
563 1453 651 1514 utile:
674 1452 745 1514 illos
757 1458 834 1516 enim
852 1452 1063 1518 adoleaoaateis
1077 1479 1137 1517 esse
1150 1469 1177 1515 et
1197 1454 1290 1517 bonos

81 1537 185 1618 duces,
207 1543 311 1609 seiam
326 1541 494 1626 confectum
508 1544 651 1600 senectute
668 1549 726 1604 etc.
1118 1605 1128 1618 ι

54 1647 56 1652 ’
168 1631 217 1692 14.
239 1628 553 1702 Drssaarrarrrs
577 1644 686 1684 ausu.
702 1625 734 1684 F.
756 1646 800 1708 ar
820 1643 876 1694 rx,
898 1624 967 1705 rra]
988 1625 1088 1702 idest,
1111 1626 1235 1706 dissput'
1277 1666 1289 1682 .

80 1709 120 1770 tia
137 1732 154 1769 a
168 1709 393 1778 eonditionibus
407 1711 503 1771 foedis
516 1719 546 1770 et
563 1709 600 1768 ab
617 1709 754 1790 exernplo
775 1709 914 1779 trahente
930 1712 1093 1792 perniciem
1116 1722 1173 1774 eto.
1187 1713 1211 1771 P
1275 1752 1288 1776 μ

81 1795 192 1876 cipium
210 1795 405 1858 dissentientia
419 1797 519 1874 iunxit
534 1814 603 1854 cum
619 1795 710 1856 dandi
729 1817 819 1871 casu,
842 1795 1094 1874 quemadmodum
1108 1797 1204 1858 verba
1222 1817 1293 1877 pat-a

80 1882 190 1958 gnandi
206 1892 235 1942 et
248 1873 399 1959 certandi,
421 1903 477 1942 auo
502 1901 597 1942 mora.
620 1879 748 1941 tradenti
771 1891 868 1942 autem
883 1883 1043 1961 legendum
1064 1903 1145 1960 ease,
1164 1887 1288 1946 benten.

74 1967 123 2026 tia
136 1969 200 2048 ipsa
215 1959 357 2043 declarat,
377 1965 485 2052 (quam
500 1976 598 2026 tamen
613 1965 734 2044 quidam
751 1966 1010 2053 συκοφαντοῦσιν)
1023 1961 1114 2048 idque
1132 1969 1287 2048 aliquanto
1380 1995 1383 2002 ¹

77 2062 149 2132 post
163 2053 322 2114 editionem
336 2053 464 2135 primam
478 2051 667 2112 iudicaram..
689 2052 747 2128 Sed
763 2054 926 2112 antevertit
936 2053 1027 2114 horno
1042 2055 1207 2118 candidas.
1220 2075 1289 2116 mo-
1337 2070 1341 2076 ·

79 2138 164 2198 ribus
178 2139 248 2200 Gul.
264 2125 408 2200 Cariterua
416 2184 426 2216 ,
447 2147 477 2199 et
492 2137 579 2218 prior
595 2137 766 2214 admonuit,
788 2139 874 2200 libris
889 2139 1028 2200 omnibus
1046 2137 1150 2233 inv'itia
1164 2141 1299 2223 *5⁸⁰1

79 2225 292 2301 scribendum,
314 2245 375 2284 aon
391 2222 439 2308 (ut
451 2223 543 2303 vulgo
558 2221 682 2304 legitur)
690 2223 849 2290 :trahentia
1119 2281 1122 2290 ‚
1188 2227 1214 2300 ᾖ

165 2313 206 2376 14
228 2331 273 2389 aq.
297 2325 405 2370 corut
427 2306 590 2391 Folaors]
614 2307 651 2369 de
669 2309 886 2388 permutatione
905 2318 935 2370 et
945 2310 1133 2372 redemtione
1146 2301 1290 2392 paptiro-
1340 2323 1346 2332 ·

77 2413 158 2454 ram.
194 2394 324 2456 Attande
346 2405 464 2471 sutem,
485 2393 624 2475 particip.
648 2391 842 2460 dissentientis
855 2397 993 2456 iunctum
1014 2416 1078 2458 esse
1101 2415 1170 2456 eum
1195 2395 1290 2456 dandi
1341 2391 1344 2396 ’

80 2499 170 2558 casu,
189 2491 224 2540 ut
241 2481 298 2541 0d.
314 2502 347 2540 11.
360 2481 414 2540 lib.
430 2487 460 2544 2.
478 2479 523 2560 [v.
543 2480 608 2560 18.]
630 2477 783 2540 Dissidere
794 2476 884 2561 plebi.
1077 2487 1081 2498 '
1301 2482 1303 2496 '
1346 2479 1348 2484 ’

167 2567 216 2633 15.
238 2565 289 2626 Er
310 2567 503 2628 axeuaao'
517 2565 729 2642 rasuram]
753 2564 894 2641 baecpst
909 2567 1072 2628 verborum
1087 2575 1117 2626 et
1134 2575 1293 2626 structura

82 2659 114 2710 et
133 2653 293 2712 sententiiz
315 2653 383 2712 Hoc
399 2659 520 2713 caverat
538 2671 621 2711 meas
637 2650 765 2729 provida
778 2652 903 2728 Reguli,
926 2651 1130 2712 dissentientis
1149 2673 1166 2710 a
1182 2652 1291 2712 condi-

77 2737 214 2796 tionibus
228 2737 325 2798 ioedis
339 2759 375 2798 ac
389 2738 546 2818 turpibus,
569 2747 600 2796 et
617 2735 653 2794 ab
671 2731 808 2814 exemplo
824 2736 973 2813 trahenti,
992 2737 1025 2796 id
1044 2747 1106 2820 eat,
1130 2737 1213 2815 quod
1230 2747 1290 2796 tra.

77 2819 166 2882 beret
182 2823 345 2902 perniciem
359 2827 558 2904 inposterum
573 2831 700 2902 tempus.
716 2820 836 2884 dicebat
849 2821 980 2902 Regulus
993 2823 1025 2882 in
1039 2832 1153 2898 senatu,
1171 2823 1289 2882 rodem.
1351 2887 1353 2894 y

78 2907 193 2974 tionem
207 2929 241 2968 aa
254 2909 503 2988 permutationem
515 2907 599 2968 illam
616 2909 804 2986 captivorum
820 2929 881 2969 non
896 2911 993 2971 solum
1008 2930 1041 2968 re
1056 2918 1086 2968 et
1100 2908 1132 2968 in
1144 2927 1290 2988 praesen·
1327 2903 1333 2922 ⁸

77 2991 120 3070 ti,
142 2993 298 3054 sedetiam
314 2995 453 3074 exemplo
474 3003 505 3054 et
517 2994 550 3052 in
566 3001 720 3074 posterum
737 3001 858 3072 turpem
877 3002 906 3054 et
925 2994 1121 3074 perniciosam
1138 3013 1211 3054 osse.
1232 2994 1289 3054 tali
1375 2989 1384 3069 ,¹

79 3081 159 3138 euim
169 3079 309 3160 exemplo
323 3079 462 3160 prodito,
482 3081 578 3138 multo
590 3077 718 3170 posthac
736 3078 872 3155 ignavius
886 3081 994 3140 milites
1010 3101 1074 3140 esse
1088 3083 1287 3159 pugnaturos,

36 3229 39 3236 ,
77 3161 204 3244 seseque
218 3164 349 3226 hostium
364 3165 505 3246 potestati
520 3164 614 3236 viros,
628 3163 795 3224 tradituros
813 3165 931 3244 potius,
954 3167 1118 3246 speranteis
1139 3167 1287 3242 laturum,

78 3261 116 3310 ut
133 3249 337 3328 redimantur,
360 3271 450 3330 quam
472 3249 592 3310 sortiter
613 3250 774 3330 pugnando
797 3249 970 3311 morituros.
1014 3251 1155 3326 Diaeta,
1184 3269 1289 3312 uem-

77 3337 165 3415 plum
181 3335 592 3416 redemtorumeaptivoruut
607 3332 769 3414 perniciem
784 3343 887 3396 seeum
904 3345 1071 3404 tracturum
1086 3337 1117 3395 in
1134 3345 1288 3416 posteram

78 3430 217 3482 aetatem.
256 3423 450 3496 Hortabatur‚
466 3443 504 3482 ne
517 3421 716 3500 periculosam
730 3419 926 3482 imitationem
944 3423 1072 3503 erempli
1085 3422 1117 3480 in
1130 3431 1288 3501 posterum

32 3521 33 3524 ’
75 3507 254 3588 proderent.
300 3508 373 3568 Tale
391 3507 578 3586 exemplum,
601 3507 684 3586 quod
702 3525 803 3568 secum
821 3507 982 3586 perniciem
999 3508 1029 3566 in
1043 3517 1198 3588 posterum
1210 3515 1288 3568 tem·

70 3613 140 3673 ⁴pua
154 3591 306 3671 traheret,
326 3614 389 3654 non
404 3591 569 3674 probabat,
590 3593 643 3652 sed
658 3589 851 3652 vehementer
863 3593 1063 3679 improbabat.
1179 3633 1188 3648 .
1277 3617 1279 3632 ·

168 3684 219 3745 17.
240 3681 280 3740 Sa
300 3701 374 3740 aaa
394 3691 557 3739 sarasar
578 3677 778 3757 rumara]
801 3677 826 3737 si
850 3699 909 3739 non
933 3679 1048 3760 periret
1071 3678 1214 3738 iuventas
1234 3675 1289 3750 ill'a

76 3753 212 3824 Romana
226 3765 348 3848 captiva
359 3765 481 3848 potiup,
504 3784 594 3844 quam
611 3763 761 3824 militibus'
777 3763 1075 3846 Karthaginiensibus
1091 3763 1218 3844 redditis
1234 3783 1292 3824 re·

77 3845 261 3927 dimeretur3
283 3851 423 3931 indigna,
444 3849 529 3910 cuius
543 3849 702 3932 quisquam
722 3850 929 3911 misereretur:
951 3851 1018 3926 vel,
1039 3859 1074 3910 ut
1092 3849 1144 3909 alii
1164 3849 1288 3921 malunt,
1349 3849 1352 3859 '
1373 3886 1374 3898 κ

48 3967 51 3974 ’
75 3936 140 3996 nisi
154 3938 277 3998 iuvenes
291 3936 554 4014 Karthaginienses
568 3944 764 4012 necarentur,
784 3945 874 4014 atque
887 3937 928 3996 ita
942 3957 1002 3996 non
1014 3935 1232 3999 redderentur„

168 4027 217 4091 18.
239 4025 362 4082 sxaaa
382 4043 456 4082 eoo
478 4017 663 4102 Purscrs]
686 4021 750 4081 vidi
776 4018 896 4104 (inquit
915 4020 1070 4103 Regulus)
1090 4041 1190 4098 arma,
1213 4038 1291 4100 quas
1370 4007 1373 4023 ⁴

75 4107 228 4168 militibus
240 4109 351 4171 nostris
364 4109 428 4168 aine
443 4106 533 4169 caede
549 4105 674 4168 fueruat
687 4107 815 4184 ademta,
831 4107 965 4168 delubris
980 4107 1082 4170 affixa.
1118 4105 1174 4167 Est
1191 4115 1291 4192 autam

17 4250 22 4269 ,
75 4195 226 4270 flagitium
244 4193 376 4272 insigne,
399 4213 479 4252 arma
495 4191 636 4269 abiicere,
652 4203 706 4253 aut
722 4189 929 4254 emitteresne
945 4191 1165 4276 propemodum
1180 4193 1291 4273 voluu-
1354 4251 1362 4276 ⁸

76 4289 159 4359 tate,
185 4279 331 4360 nulloque
351 4279 478 4340 vulnera
498 4297 554 4340 neo
581 4287 709 4360 accepto
729 4298 786 4340 neo
812 4279 916 4358 illato,
939 4289 975 4340 ut
999 4299 1068 4361 sup.
1091 4277 1132 4338 ad
1155 4277 1214 4338 Od.
1234 4297 1291 4339 var.

75 4365 134 4426 lib·
149 4371 182 4432 2·
695 4387 698 4398 “
740 4403 745 4410 ”
1058 4383 1061 4388 ¹
1277 4389 1279 4394 ’
1334 4423 1336 4428 .

165 4453 216 4516 21.
237 4443 439 4532 Daaarra]
460 4449 568 4528 idest,
590 4450 734 4514 danaen.
756 4447 808 4515 lib.
824 4448 960 4511 lennoat.
972 4447 1070 4520 ⁴habet
1084 4449 1290 4532 arrepto-'for-

76 4547 160 4598 tasse
175 4537 334 4618 legendum
349 4533 471 4620 Kaprai
483 4537 606 4619 vulgata
625 4546 725 4630 autem
738 4533 1021 4621 seripturadirepra
1033 4536 1176 4600 mendosa
1192 4544 1247 4598 eat.
1336 4535 1342 4544 “
