2884 5044
376 269 507 338 unt.
552 269 715 338 onvss.
758 274 922 338 v.1-7.
1134 285 1136 294 '
1177 222 1252 338 ¹41
1316 329 1318 338 .

139 441 166 512 6.
189 441 382 502 Pennsurs
405 438 556 520 unusne]
570 437 610 502 ‘id
627 449 674 502 est
691 439 833 510 Athenas.
851 438 936 521 quod
955 461 1012 502 our
1025 440 1066 502 its
1088 437 1142 516 sit,
1164 437 1255 500 docet

73 531 197 606 interpres
209 527 333 586 Pindari
348 525 386 586 od
402 527 456 589 stt.
472 519 507 600 ζ’.
530 519 652 620 Olymp.
669 530 743 602 [48.]
762 526 809 586 bis
823 527 939 588 verbis:
973 527 1056 588 lovis
1071 527 1178 606 cupito,
1195 546 1255 605 qun

73 623 141 696 porte
159 611 300 688 gravidus
314 622 380 672 eret
394 623 425 672 et
440 613 643 691 parturiebat,
665 609 834 672 sVulcsno
855 623 939 674 secto
954 633 991 671 uc
1012 613 1119 688 diviso,
1143 611 1256 672 illiner-

72 719 150 777 rsque
164 717 199 756 ex
213 719 250 757 eo
266 697 373 771 odiro.
384 698 581 778 praemonuit
591 699 642 756 Sol
656 695 804 776 Rhodios,
827 708 861 758 ut
877 699 964 778 primi
983 699 1114 774 emerium
1129 696 1154 755 ei
1170 717 1260 756 socru

73 787 198 851 laterent.
221 783 306 862 quod
327 793 407 844 esset
427 783 627 845 necessarium
653 791 684 842 et
706 783 814 858 letale,
837 777 919 843 illum
940 783 1020 863 opud
1042 803 1092 842 eos
1111 780 1258 858 habiture„

73 869 298 947 domiciliumque
315 887 402 928 suum
419 869 584 944 collocare,
606 888 623 926 s
645 867 754 946 quibus
778 868 806 930 ei
822 869 928 948 primis
951 869 1150 948 sacrificolum
1172 877 1257 928 esset.

73 957 132 1014 Cum
149 953 238 1032 igitur
259 951 370 1013 llbodii
394 955 426 1012 in
443 974 559 1028 urcem,
582 961 616 1011 ut
630 953 781 1014 Minervae
802 953 1021 1031 sacrificarent,
1043 953 1255 1028 ascendissent,

72 1041 136 1116 sugit
162 1059 210 1098 eos
241 1059 311 1098 cunr
344 1039 451 1099 ceteris
479 1039 570 1098 rebus
602 1037 642 1100 od
679 1059 764 1098 encra
795 1039 977 1120 comparatis
1013 1060 1050 1098 ec
1076 1039 1255 1097 necessariis

72 1127 152 1204 ignem
167 1144 283 1202 cepere.
321 1123 371 1184 lto
394 1125 458 1184 sine
472 1121 534 1202 igni
551 1144 637 1184 sucro
657 1123 803 1184 fecerunt.
848 1123 1178 1199 Atlrcnienseenutens,
1203 1123 1257 1201 qui

72 1209 145 1292 primi
165 1210 225 1287 igni
245 1207 382 1269 ndlribito
399 1209 633 1285 sacrificassent,
655 1209 737 1287 digni
755 1219 825 1268 sunt
842 1209 954 1284 babiti,
976 1211 1008 1270 in
1031 1228 1161 1289 quorum
1182 1209 1258 1288 urbe
1282 1254 1289 1266 .

71 1297 183 1357 llinerve
198 1293 360 1356 habitaret.
382 1293 453 1354 vide
472 1295 632 1356 Pindarum
651 1293 704 1358 ei'd.
720 1289 757 1372 ζ’.
772 1293 881 1378 ὀλυμπ.
904 1307 933 1356 et
955 1283 1082 1378 interpr.
1125 1293 1256 1368 Quidem

71 1381 126 1441 libri
136 1389 252 1440 reses-es
266 1378 397 1456 hebent,
420 1377 567 1440 Palladio
583 1383 691 1442 urceis.

69 1469 166 1610 deda&
190 1463 407 1546 rursusne]
428 1465 561 1546 virginis.
578 1465 790 1546 Virg.den.1.
808 1461 907 1548 [345]
933 1465 993 1534 Cui
1000 1475 1092 1546 puter
1105 1464 1258 1526 intaete'rm

144 1561 184 1610 ut.
651 1606 655 1618 ,

137 1641 163 1700 7.
184 1635 236 1696 Er
259 1635 437 1706 Urmons
457 1656 687 1697 uenenum
707 1656 851 1697 rnonnr
873 1639 1141 1710 enseronnne]
1160 1635 1264 1724 idest·

69 1731 92 1782 et
104 1721 236 1782 omuibus
253 1724 387 1782 oninium
402 1723 541 1783 locorum
555 1732 585 1783 et
605 1733 753 1784 terrerum
770 1721 927 1784 frondibus
944 1723 1052 1782 clivom
1069 1733 1259 1802 anteponere.

69 1807 111 1866 nr
128 1818 225 1867 sutem
248 1807 328 1868 olive
349 1807 481 1868 Palladis
505 1809 644 1890 proprie,
668 1809 751 1886 quod
772 1829 827 1868 cur
847 1809 887 1868 its
911 1808 967 1884 sit,
996 1807 1084 1868 docet
1105 1809 1261 1887 interpres
1364 1838 1367 1844 ν

67 1890 172 1952 Homeri
185 1892 235 1952 bis
257 1893 375 1954 verbis:
408 1893 557 1954 Dicuntur
573 1895 645 1954 olim
661 1895 817 1974 Neptunus
835 1903 865 1952 et
879 1893 1033 1953 Minervoe
1055 1892 1107 1952 diu
1123 1892 1202 1952 inter
1221 1913 1253 1952 se

68 1977 97 2036 de
109 1977 202 2038 Attico
218 1977 391 2040 decertasse
408 1987 438 2038 ct
455 1979 651 2039 contendisse.
678 1979 836 2057 Neptunus
851 1977 970 2038 tandem
985 1977 1072 2059 (boec
1087 1978 1163 2038 enim
1180 1998 1256 2036 con·

67 2053 212 2123 troversioe
228 2063 380 2124 finiendae
398 2065 475 2124 ratio
490 2065 528 2123 eb
543 2074 674 2144 utroque
688 2065 815 2148 probato
833 2061 891 2144 eet)
907 2063 939 2122 in
956 2063 1160 2140 orceAttioue,
1174 2073 1256 2122 terro

66 2149 183 2209 tridente
206 2149 344 2229 pulsate,
370 2149 498 2210 fluctum
519 2151 668 2210 morinum
690 2151 850 2209 excitarit:
883 2148 1016 2208 ltlinerva
1038 2169 1111 2208 vero
1137 2159 1255 2209 eterra

66 2235 163 2294 olivam
175 2235 296 2294 extulit
340 2235 473 2314 Cecrops
492 2235 586 2296 iudex
604 2235 726 2314 utrique
748 2235 836 2294 dotus
853 2234 983 2293 Atticum
997 2235 1149 2294 bliuervoe
1166 2235 1256 2293 odiu-
1290 2309 1292 2314 Ι

64 2319 182 2396 dicerit,
209 2341 281 2380 curu
303 2319 419 2381 diceret
442 2322 526 2380 msr'e
549 2321 653 2382 multis
673 2319 741 2379 ullis
761 2322 793 2380 in
814 2319 890 2378 locis
914 2339 995 2393 esee,
1023 2319 1134 2390 olivam
1156 2329 1256 2378 autern

64 2403 237 2466 dtlreuerum
255 2425 319 2466 esse
335 2407 501 2486 propriam.
544 2406 603 2465 llic
614 2405 699 2466 locus
716 2404 779 2465 erut
795 2403 838 2464 ite
853 2404 987 2483 scriptus
1000 2403 1032 2463 in
1047 2404 1186 2463 omnibus
1203 2425 1257 2462 co·

66 2489 169 2550 dicibue
180 2492 298 2551 celsmo
311 2492 442 2552 exoretis
449 2537 458 2569 ‚
487 2490 629 2572 Undique
642 2489 812 2570 decerptum
813 2493 920 2568 fronti
926 2509 1111 2568 praeponere
1125 2490 1256 2547 olivum:

65 2575 91 2634 in
105 2577 230 2654 vulgatis
247 2586 347 2637 sutem
367 2579 431 2637 sere
449 2577 588 2638 omnibus
610 2577 656 2635 sio
678 2577 806 2653 legitur,
830 2573 967 2656 undique
980 2571 1258 2653 decerptosflunds'

64 2683 234 2740 praeponere
247 2664 381 2722 oboram:
405 2673 448 2738 ut,
469 2661 496 2720 si
512 2664 591 2724 forte
605 2662 681 2722 boec
692 2661 784 2720 lectio
798 2662 897 2720 minus
909 2659 1057 2740 probetur
1072 2658 1255 2733 bominibus,

65 2767 115 2804 uon
128 2748 243 2826 possim
259 2748 346 2825 argui
362 2747 457 2808 libros
472 2747 791 2826 veteres‘corrupissm
814 2747 867 2806 sed
885 2746 1023 2824 vulgatos
1046 2753 1167 2804 secutus
1183 2763 1256 2803 esse.

25 2889 29 2898 ,
65 2829 116 2890 boc
128 2843 256 2895 tantum.
277 2835 323 2893 sio
337 2833 431 2912 igitur
444 2832 558 2894 hebent
572 2833 761 2896 membraneo
776 2841 911 2907 veteres,
934 2829 1071 2909 trudique
1087 2829 1258 2910 deceptum

59 2919 150 2993 fronti
156 2939 346 3000 praeponere
362 2921 486 2982 olivam.
513 2921 612 2998 Atque
628 2918 706 2978 lrenc
718 2919 879 2978 lectionem
895 2924 998 2976 tuetur
1011 2925 1043 2975 et
1054 2915 1165 2975 retinet
1178 2917 1259 2976 Tur-¹

65 3003 146 3062 nebus
162 3004 217 3064 lib.
231 3027 275 3065 xr.
293 3013 322 3065 et
336 3023 402 3066 xix.
446 3005 608 3066 Adversum
626 3015 656 3084 et
672 3005 714 3063 ite
730 3001 878 3084 explicet:
902 3021 940 3061 ex
959 3001 1041 3060 omni
1058 3002 1127 3060 loco
1145 3011 1176 3061 et
1190 3022 1258 3060 ms-

65 3089 128 3148 teria
142 3099 171 3148 et
187 3095 363 3170 argumento
377 3091 475 3150 veluti
491 3091 633 3168 colligere
647 3089 833 3167 oleagineum
849 3088 997 3148 termitem
1010 3095 1039 3146 et
1055 3107 1094 3146 ex
1111 3107 1146 3146 eo
1166 3107 1257 3146 coro-

65 3193 122 3232 nsm
145 3186 283 3236 nectere:
307 3175 390 3255 quod
412 3185 457 3235 est
479 3176 591 3255 ubique
614 3185 644 3234 st
663 3175 697 3234 iu
718 3173 799 3232 omni
821 3179 997 3252 argumento
1021 3175 1059 3231 de
1081 3171 1206 3232 Athenis
1228 3165 1276 3232 et'

67 3261 120 3318 oleo
134 3261 288 3320 Minervae
302 3264 440 3322 nerre‘re:
463 3261 549 3320 cuius
572 3260 657 3320 felici
679 3261 815 3338 festoque
829 3258 937 3319 fronde
954 3257 1089 3316 homines
1109 3277 1256 3318 coronam
1273 3253 1276 3260 '

65 3355 114 3408 tur.
155 3346 216 3408 Sed
232 3367 287 3424 ego
306 3367 322 3405 o
338 3344 480 3406 Turnebo
495 3345 649 3406 dissentio.
691 3345 766 3406 Nom
783 3347 912 3425 primurn
930 3343 1076 3404 sententia
1095 3343 1160 3422 ipse
1178 3342 1257 3402 beno

64 3429 221 3492 lectionem*
233 3432 362 3492 refellit:
385 3431 494 3491 deinde
509 3439 634 3511 potitos,
658 3429 784 3510 opinor,
805 3451 865 3490 non
884 3429 1051 3506 oleaginus,
1075 3429 1129 3486 sed
1145 3427 1257 3488 edere-

66 3536 123 3576 cess
142 3537 271 3577 corones
292 3517 355 3576 suis
377 3517 526 3596 capitibus
545 3516 757 3598 imponebant:
780 3535 846 3594 sup.
866 3511 1054 3592 0d·1·[292]
1082 3515 1132 3572 Me
1147 3512 1256 3574 doctae

65 3602 243 3679 rumederae
258 3605 401 3682 praemia
411 3605 572 3679 flentium
587 3611 644 3664 etc.
662 3611 692 3661 et
708 3601 795 3680 epist.
810 3607 839 3667 3.
854 3601 908 3662 lib.
930 3607 956 3665 i.
971 3595 1053 3681 [25]
1075 3601 1188 3658 Prima
1204 3601 1273 3684 Ιίν-Δ

65 3709 104 3744 ree
118 3687 223 3746 ederae
243 3689 382 3746 victricio
391 3691 542 3768 praemia.
585 3686 647 3746 Aut
663 3687 688 3746 si
705 3687 792 3746 etiarn
811 3707 849 3746 ex
865 3685 1100 3773 misereor-onom
1118 3685 1175 3744 sibi
1193 3686 1257 3745 im-

66 3775 221 3851 ponebant:
245 3783 281 3833 ut
302 3774 385 3854 opud
404 3774 508 3854 Pspin.
543 3774 619 3832 Huc
635 3773 753 3852 gemini
770 3783 857 3830 uates
873 3781 1014 3829 sanctum
1037 3775 1174 3830 canentis
1195 3772 1256 3840 oli-

66 3879 112 3916 ooe
137 3857 260 3919 Fronde
290 3879 409 3921 comam
434 3870 464 3918 et
488 3861 586 3919 niueis
610 3860 715 3916 orrsato'
742 3868 879 3937 tempora
899 3859 1007 3916 edotio:
1028 3866 1059 3916 et
1079 3857 1104 3916 si
1130 3877 1257 3918 corones

67 3943 214 4005 ederacess
230 3945 252 4004 ii
270 3947 327 4004 soli
342 3945 553 4018 merebantur,
575 3943 628 4026 qui
639 3944 785 4018 vicerant,
808 3953 843 4002 ut
855 3961 909 4020 ego
925 3942 1040 4002 fateor:
1064 3941 1141 4002 nibil
1159 3953 1256 4002 tomen

67 4029 192 4108 oleagina
208 4051 321 4092 corono
336 4029 419 4090 irone
437 4024 565 4090 ¹evincta
588 4039 678 4108 etque
698 4037 801 4088 ornate
818 4028 952 4109 pertinet
966 4027 1004 4086 nd
1020 4027 1068 4104 id,
1091 4028 1173 4106 quod
1189 4047 1256 4086 sen·
1277 4081 1280 4096 ,
1358 4027 1361 4036 ’

66 4114 96 4173 tit
110 4115 263 4177 llorstius.
313 4117 386 4175 Nom
408 4135 470 4174 non
488 4115 631 4174 continuo
651 4113 705 4194 qui
729 4133 869 4174 coronam
885 4131 923 4172 ex
946 4114 1026 4172 olivo
1050 4113 1258 4172 concinnatum

68 4200 150 4280 ospiti
165 4223 223 4262 suo
238 4203 465 4282 imposuerunt,
489 4199 654 4278 Minervam
677 4207 728 4258 out
747 4201 852 4260 urbem
867 4199 1020 4265 Minervae
1040 4197 1174 4272 laudent*
1197 4217 1256 4257 ne-

68 4281 1258 4366 queeiusipsiuscoronceornstuPellsdisurbemleudoreintelliguntur.quod

68 4368 200 4431 lloretiue
215 4373 294 4432 velle
309 4373 412 4433 dicere
425 4371 562 4432 videtur:
606 4369 764 4431 Praeterea
780 4373 848 4450 quis
863 4371 1035 4430 rnortolium
1052 4368 1095 4426 sic
1116 4389 1257 4448 umquem

69 4455 178 4518 loeutus
200 4465 261 4533 est,
277 4479 463 4538 praeponere
481 4459 601 4516 olivam
619 4457 739 4534 fronti,
763 4475 821 4538 pro
846 4479 898 4532 eo,
929 4453 1011 4534 quod
1035 4463 1098 4529 est,
1128 4454 1256 4514 frontem

69 4541 125 4603 oles
155 4561 300 4604 eoronsre
328 4561 383 4606 seu
415 4541 546 4606 ornere?
575 4542 732 4606 l'ostrsrno
754 4541 836 4623 quod
861 4538 967 4624 paullo
991 4547 1059 4602 ants
1080 4540 1256 4620 significari,
