2908 5056
276 85 280 134 i

167 239 232 304 ros
543 179 987 296 uorarrrcsrnme

167 381 170 394 λ
253 403 418 472 21.v1n1
452 365 525 466 roo
556 407 722 488 crvrurr]
743 407 840 467 solent
860 405 1050 487 captivorum
1071 423 1177 464 manns
1200 401 1376 464 etbcschie

170 500 287 569 atergo
303 492 459 567 revinciri,
481 502 516 552 ut
537 493 623 574 epist.
644 499 672 558 1.
686 493 739 556 lib.
757 499 786 558 2.
805 491 851 572 [v.
871 491 958 571 191.]
995 488 1221 553 Mox-traditur
1236 487 1376 548 mortibus

60 621 63 628 .
170 599 267 661 regum
275 575 407 660 fortuna
421 579 543 637 retortis.
578 578 728 638 Homerus
747 579 784 640 tt.
800 570 842 654 φ’.
860 577 904 658 [v.
923 571 1075 656 29.]’τσιῖς
1094 574 1180 655 ὒξῆγε
1194 571 1311 654 θύραζε
1324 597 1373 636 rs-

169 655 322 740 θηκότας,
344 655 419 740 η’ὕτε
432 657 568 742 νεβρούς,
591 669 674 744 Arios
693 658 725 726 d'
741 658 858 726 σ’πίσσω
874 667 974 744 χεῖρας
996 660 1186 742 ἕῦτμητσῑσιν
1207 660 1321 740 ἱμᾶσιν.
1342 659 1375 717 id

166 756 230 820 cst,
253 764 304 804 ess
328 757 428 806 autern
451 749 925 830 iorasreluxit,e1paveiootos,
948 757 1092 826 tanquam
1111 743 1265 805 hinnulos.
1310 745 1376 804 Ma.

148 851 226 919 'nus
247 839 345 890 autem
362 833 394 890 in
412 841 530 910 tergum
548 835 621 894 loris
638 835 781 896 revinxit.
804 843 836 892 et
851 834 980 896 Demost
1003 841 1080 892 oret.
1101 829 1172 911 περὶ
1184 833 1374 911 aunonensi.
1398 829 1403 838 '

168 909 258 980 otidis
274 913 346 979 ἄλλο
368 913 574 998 φανήσονται,
596 917 677 1002 πλήν
696 915 884 996 παραδόντες
901 920 1046 1002 Φιλίππῳ
1063 915 1114 978 καὶ
1135 919 1284 996 Θηβαίοις
1301 919 1375 976 Φω-

166 999 260 1078 nice,
283 995 376 1080 μόνον
391 997 448 1064 ou'x
463 998 560 1066 ‹inico›
572 1001 616 1066 roi
630 1011 708 1088 χεῖρε
721 1000 877 1086 δήσαντες.
900 1003 933 1062 id
950 1008 1012 1076 est,
1033 1002 1116 1061 Nihil
1130 1001 1214 1062 aliud
1228 1001 1375 1060 ridebun-

166 1097 237 1162 tur,
259 1107 348 1166 quem
375 1087 513 1169 Philippo
540 1099 569 1150 et
594 1087 744 1150 Thebanis
772 1089 950 1155 Phocenseis
971 1087 1148 1162 tradidisse,
1176 1096 1291 1163 trintum
1311 1105 1375 1156 non

166 1188 273 1232 manus
287 1171 318 1230 in
332 1181 447 1263 tergum
469 1175 644 1235 vincientes.
663 1177 743 1255 Virg.
759 1176 833 1236 Aen.
856 1181 885 1238 2.
908 1174 948 1254 [r.
965 1173 1030 1253 ot]
1067 1170 1145 1234 Ecce
1163 1173 1376 1232 menesium-

168 1281 233 1318 nem
250 1255 359 1316 interea
378 1273 446 1340 post
468 1274 550 1340 terga
571 1262 730 1322 reuinctum
749 1271 807 1320 etc.
849 1260 898 1318 Ait
921 1260 1031 1338 igitur,
1054 1279 1091 1318 se
1108 1257 1201 1316 civeis
1223 1257 1375 1315 Romanos

167 1339 351 1420 Karthagine
364 1343 477 1404 vidisse
492 1345 627 1404 manibus
642 1347 673 1406 in
688 1357 805 1424 tergum
819 1343 947 1404 liberum
964 1345 1086 1406 retortis
1103 1365 1138 1403 ac
1151 1343 1303 1402 revinctis.
1318 1356 1375 1400 ter-

164 1449 236 1508 gum
254 1438 351 1486 eutem
366 1426 489 1490 liberum
503 1431 636 1509 intellige
649 1433 759 1492 civium
770 1433 981 1506 Romanorum,
998 1433 1051 1509 qui
1067 1451 1138 1490 sese
1145 1427 1375 1505 Karthaginien·

165 1513 249 1592 sibus
257 1513 338 1572 ultro
354 1514 543 1584 dediderunt.
554 1519 598 1578 sic
612 1537 684 1576 vero
697 1515 778 1576 hunc
790 1517 890 1576 locum
906 1536 970 1575 esse
979 1515 1203 1593 intelligendum
1217 1533 1375 1590 argumen-

167 1607 199 1658 to
220 1608 290 1658 sunt
310 1599 379 1673 ilia,
409 1619 486 1688 quoe
507 1602 611 1682 psulio
634 1611 906 1684 postsequuntur,
932 1599 992 1682 Qui
1007 1598 1073 1662 lore
1095 1601 1235 1664 restrictis
1254 1595 1375 1660 lacertis
1438 1627 1443 1642 ·

168 1681 266 1743 Sensit
282 1685 358 1742 iners
375 1691 433 1745 cic.
1215 1665 1239 1699 χ

253 1773 304 1834 28.
328 1771 565 1841 l’orrasouc
586 1793 663 1833 ron
683 1775 864 1855 essoris]
888 1773 969 1833 Haec
986 1793 1022 1834 eo
1041 1769 1206 1850 pertinent,
1222 1778 1258 1828 ut
1273 1777 1373 1828 osten.

167 1853 220 1914 dat
240 1853 534 1932 Karthaginiensium
556 1859 784 1918 securitatem
815 1860 970 1934 Romanis,
999 1867 1033 1916 ut
1050 1867 1081 1916 ct
1105 1877 1156 1930 ea,
1179 1875 1256 1934 quae
1284 1855 1374 1912 dein-

167 1959 240 2018 ceps
267 1952 445 2018 sequuntur.
467 1938 527 2002 hoc
549 1945 627 2004 enim
652 1944 687 2002 fit
712 1945 828 2004 subiato
859 1944 990 2004 hostium
1012 1951 1111 2018 metu,
1142 1951 1177 2000 ut
1199 1937 1374 2000 Pandemos

163 2035 346 2108 portae-etc.
380 2027 461 2106 Virg.
478 2029 550 2090 Aen.
568 2035 597 2096 2.
620 2029 662 2110 [v.
677 2030 791 2111 27.]‘et
807 2031 911 2092 Horat.
928 2030 966 2090 de
983 2028 1057 2090 Arte
1077 2034 1159 2107 psit.
1178 2023 1221 2105 [v.
1240 2023 1324 2104 192]
1345 2039 1372 2084 et

165 2111 275 2192 apertis
294 2112 354 2178 otia
367 2115 472 2192 portia.
608 2137 613 2156 ·
848 2157 850 2166 .

151 2207 158 2218 '
251 2201 302 2262 24.
324 2215 367 2256 rr
390 2219 492 2258 auva
512 2198 543 2258 Μ
551 2221 653 2260 sure
676 2198 778 2279 cori]
799 2211 830 2262 et
844 2201 910 2260 ridi
926 2221 960 2261 ea
977 2219 1050 2259 srva
1070 2197 1139 2270 coli,
1160 2215 1238 2275 quae
1253 2197 1373 2256 inerant

42 2303 46 2310 ’
163 2277 223 2346 iani
235 2302 251 2338 o
265 2279 352 2340 nobis
367 2283 511 2364 populata
527 2306 561 2344 ac
578 2295 703 2348 vastata.
716 2287 867 2368 populatu
879 2280 1061 2366 παθητικόν,
1081 2283 1166 2341 cuius
1182 2277 1373 2362 ἐνεργητικὸν

161 2359 308 2512 cirin.
322 2365 534 2531 imin:
549 2376 579 2520 r:
602 2369 744 2534 itaet
955 2395 1373 2537 f

169 2530 330 2613 Gurgatio,
360 2551 449 2620 atque
472 2541 556 2619 inopi
577 2556 705 2600 metuens
726 2537 857 2618 formica
878 2533 1016 2600 senectae.
1066 2538 1148 2598 idem
1176 2536 1225 2596 tib.
1249 2543 1276 2600 1.
1298 2537 1371 2600 Aen.

165 2616 206 2698 [ν.
220 2623 282 2683 527
297 2619 354 2700 sq·]
389 2621 460 2682 Non
475 2646 528 2682 nos
544 2639 596 2683 out
608 2621 691 2697 ferro
705 2623 836 2708 Libycos
850 2621 994 2704 populare
1007 2625 1138 2704 proicis
1153 2620 1304 2696 Venimus,
1320 2609 1372 2680 oui

164 2717 267 2846 {im
289 2703 331 2848 “i
347 2702 450 2766 littora
466 2723 573 2784 uertere
588 2707 731 2792 praedas.
773 2711 857 2770 ldem
876 2715 924 2776 12.
942 2713 983 2784 [v.
998 2713 1084 2783 262]
1105 2723 1132 2768 et
1153 2703 1261 2766 littore
1274 2721 1373 2766 uestro

198 2809 210 2846 s
251 2811 269 2846 o
291 2803 366 2852 eet.

114 2857 120 2871 ⁸
228 2811 301 2940 pssb·
328 2875 431 2935 buno
454 2861 647 2938 aerarius
668 2884 868 2955 sorurcnr]
891 2901 964 2944 aare
981 2901 1131 2960 repensus,
1153 2877 1184 2936 id
1207 2886 1269 2962 est,
1296 2897 1372 2936 auro

125 3017 128 3027 ,
164 2956 422 3020 rodenmannum
446 2963 656 3040 pendebantur
678 2965 749 3024 olim
769 2965 895 3040 nummi,
926 2985 987 3024 non
1011 2963 1259 3038 numerabantur,
1288 2971 1319 3020 et
1340 2963 1373 3021 in

164 3043 346 3104 emtionibus
360 3045 556 3109 adhibebatur
569 3049 647 3110 libre
664 3060 697 3110 et
709 3039 829 3129 pondus
847 3061 877 3137 et
889 3050 1042 3128 libripens.
1080 3051 1138 3109 Est
1150 3059 1249 3108 autem
1263 3047 1373 3122 ironis,

164 3130 416 3207 quemadmodum
434 3133 464 3191 in
484 3135 539 3193 illo
554 3135 674 3196 Terent.
690 3136 803 3197 Andria
822 3135 865 3216 [t,
883 3141 913 3214 2,
929 3133 973 3216 5.]
998 3133 1031 3194 id
1046 3131 1174 3216 populus
1188 3148 1273 3194 curet
1287 3131 1374 3194 scili-

163 3228 215 3273 cet,
232 3223 261 3273 et
274 3215 355 3294 Virg.
367 3220 442 3280 Aen.
462 3219 497 3288 4.,
509 3217 554 3298 [v.
569 3217 657 3300 880]
688 3213 810 3282 Scilicet
824 3225 850 3282 is
863 3224 974 3300 superis
987 3217 1074 3280 labor
1086 3233 1138 3288 cst,
1154 3239 1189 3277 eo
1203 3241 1273 3279 cure
1288 3219 1373 3302 quis·

162 3311 210 3357 tos
223 3297 281 3360 Sol
291 3303 386 3365 icitot.
401 3325 459 3367 non
477 3315 523 3364 est
535 3303 657 3386 (inquit)
674 3307 838 3382 verisimile
847 3353 856 3385 ,
879 3307 1007 3367 militem
1019 3325 1094 3366 auro
1109 3303 1278 3365 redemtum
1295 3304 1373 3362 acri-
1440 3309 1441 3328 ¹

162 3391 211 3444 ter
225 3397 276 3444 sut
287 3387 405 3448 fortiter
422 3411 476 3470 pro
494 3392 591 3470 petrin
605 3401 819 3472 pugnaturum.
1144 3419 1146 3425 ’

187 3497 191 3505 ‘
218 3511 223 3518 ·
248 3477 299 3538 26.
321 3473 517 3534 Funorrro
539 3487 704 3536 auurbrs
727 3479 909 3551 Daunum]
930 3475 1082 3560 flegiiium
1102 3471 1372 3554 peccatumestab

164 3555 265 3640 aliqua¹
279 3559 370 3618 animi
385 3561 509 3620 mollitia
529 3573 581 3622 ant
597 3562 717 3641 ignavia
729 3565 917 3643 proiectum,
940 3561 1022 3640 quod
1035 3560 1165 3620 dedecus
1181 3581 1217 3618 ac
1230 3558 1373 3638 turpitu-

163 3639 264 3700 dinem
278 3644 378 3704 effert:
401 3644 497 3706 scelus
519 3658 618 3707 sutem
632 3648 681 3707 rel
696 3669 765 3708 eum
780 3650 881 3728 aliqua
897 3647 1074 3708 crudelitate
1087 3657 1117 3706 et
1134 3645 1285 3706 caederet
1302 3651 1373 3703 cunr

162 3725 319 3806 impietate
333 3734 525 3792 coniunctum
544 3741 597 3796 est
640 3733 746 3813 Itaque
762 3735 902 3794 libidines
921 3733 1085 3812 flagitiosas
1099 3732 1244 3804 dicimus,
1267 3738 1300 3790 st
1316 3729 1372 3788 ssa—

162 3812 299 3890 gitibsam
318 3818 426 3893 vitam,
451 3827 481 3876 et
496 3819 621 3878 militem
635 3819 781 3898 flagitium
805 3820 975 3894 admisisse,
998 3817 1050 3899 qui
1070 3819 1169 3888 locum
1186 3837 1246 3876 non
1261 3816 1372 3888 tenuit,

163 3900 216 3978 qui
232 3897 348 3960 hostem
369 3902 516 3978 extimuit,
539 3903 590 3984 qui
606 3905 691 3984 fugit.
706 3905 749 3964 sio
763 3905 804 3966 M.
817 3907 935 3966 Tullios
951 3905 1004 3965 lib.
1023 3913 1053 3968 2.
1072 3903 1109 3962 de
1124 3901 1189 3962 Fin
1212 3902 1280 3980 [tu
1301 3901 1369 3983 60-]

162 3985 274 4043 satisne
288 4008 356 4068 ergo
375 3985 486 4066 pudori
506 3987 659 4066 consulat,
682 3991 794 4074 siquis
816 3993 878 4052 sine
895 4005 964 4049 teste
978 3987 1099 4048 libidini
1115 3985 1246 4069 parcet?
1265 4007 1305 4044 on
1329 3997 1372 4043 est

162 4065 281 4150 aliquid
291 4094 344 4152 prr
357 4095 387 4131 se
400 4073 494 4150 iissem
501 4075 701 4154 flagitiosum,
716 4078 805 4140 etism
813 4078 840 4136 si
855 4073 940 4135 nulia
952 4077 1107 4135 comitetur
1123 4067 1278 4156 isrsomio?
1291 4071 1373 4130 idem

24 4199 30 4208 ·
67 4213 70 4220 ,
162 4155 351 4234 P1⁰Clssenb
369 4155 436 4234 [46,
457 4155 543 4240 122]
575 4157 747 4226 Statuemnt
764 4163 840 4220 enim
856 4157 1244 4232 itomnioresnostn‘fltsi
1261 4153 1373 4216 amul-

162 4237 203 4297 tis
216 4243 450 4324 essetflugitium
466 4246 508 4304 ret
521 4241 661 4304 militaris
676 4243 848 4320 admissum,
869 4247 998 4306 senione
1019 4246 1051 4304 in
1066 4239 1210 4326 quosdam
1224 4237 1373 4302 oremed-
1438 4289 1439 4313 ,

160 4338 331 4402 uerteretur,
359 4340 391 4386 ut
413 4339 506 4390 metus
526 4325 662 4390 uidelicet
680 4327 722 4388 od
738 4331 865 4402 omneis,
892 4351 989 4412 poeno
1011 4326 1054 4388 ad
1070 4351 1184 4409 pouces
1202 4327 1371 4408 perueniret.

161 4405 246 4467 Idem
262 4409 300 4469 ad
318 4411 407 4474 Attin.
428 4411 480 4472 lib.
497 4417 527 4478 9·
547 4412 625 4494 [12]
641 4433 705 4496 spes
723 4439 769 4475 me
787 4413 984 4490 sustentabat,
996 4411 1087 4496 jore,
1109 4427 1141 4472 ut
1154 4409 1272 4496 aliquid
1292 4433 1373 4473 con-

161 4494 270 4554 ueniret
278 4497 378 4576 potius
386 4535 396 4570 ‚
419 4520 509 4582 quom
525 4514 577 4561 out
590 4498 639 4564 tie
651 4515 767 4562 tontum
781 4499 910 4581 sceleris,
926 4516 977 4562 out
989 4495 1293 4584 ille·tnritrsnsflogitii
1307 4493 1372 4556 ad-
