2894 5052
131 265 193 370 μισ
362 239 370 250 “
459 224 466 242 ‘
509 201 709 318 uonsrn
737 253 961 318 eruntne

132 429 389 504 Quemadmodum
403 427 454 498 hie
468 427 608 490 futurum.
626 425 745 508 perid,
774 425 857 506 quod
876 425 956 487 ultra
977 445 1034 486 nos
1055 433 1117 506 eat,
1139 423 1332 511 significatur,

133 517 202 596 quie
218 515 349 589 noudum
364 513 402 574 ad
414 515 465 574 illa
478 515 687 594 pervenimus,
708 511 749 574 ita
772 512 830 575 Od.
845 533 933 574 xxix.
953 511 1005 576 lib.
1019 517 1050 582 8.
1071 511 1113 591 [v.
1130 511 1195 592 45.]
1209 513 1336 594 perid,

133 599 215 680 quod
230 611 313 662 retro
329 609 391 674 est,
412 602 625 678 praeteritum,
648 599 718 677 quis
737 598 791 658 illa
812 596 1043 680 praeteriimus,
1063 619 1122 664 non
1142 611 1240 672 tomen
1262 593 1338 658 im'ss

133 701 203 766 tum,
220 682 432 768 Quodcumque
445 690 521 744 retro
533 698 584 760 ert,
599 681 718 768 Effiotes
734 693 790 744 etc.
938 677 944 694 '
1237 753 1247 764 ..

216 775 268 838 26.
290 771 420 829 Lurro
441 769 552 834 Teate.
574 773 666 842 asu]
690 769 734 828 sio
747 768 845 849 reperi
868 767 1014 848 seriptum
1030 765 1063 826 in
1076 786 1131 826 sex
1147 765 1235 828 libris
1257 767 1341 826 eain-

134 877 183 916 nro
199 853 348 931 exeratis,
371 855 446 936 Dan.
468 855 553 915 Puer.
568 853 687 930 Ursini,
707 854 830 918 Tornea.
845 853 1048 927 Russsrdino,
1070 853 1245 929 Nicetiano,
1267 871 1338 912 cum

134 939 205 1000 libri
225 939 339 1018 vulgati
358 937 489 1000 habeant
508 937 596 1000 laetu
641 939 739 1014 Quam
758 949 857 1001 temen
876 939 1077 1019 scripturam,
1100 938 1126 998 si
1147 939 1215 1016 quis
1234 939 1337 1009 metet,

133 1045 194 1088 non
207 1026 331 1104 refello,
354 1043 451 1104 neque
470 1024 631 1086 admodum
646 1024 801 1106 improbo:
823 1024 880 1086 sed
900 1022 978 1086 lento
997 1025 1091 1102 magis
1109 1023 1224 1104 probo,
1246 1023 1340 1102 idque

110 1153 114 1170 .
134 1111 320 1191 interpretor
332 1109 506 1186 moderato,
527 1131 588 1172 nou
602 1110 736 1191 profuso.
891 1123 894 1128 '

219 1194 418 1262 27.N1n11.
448 1213 583 1274 serua
613 1217 645 1259 o.
674 1197 707 1256 P.
736 1199 909 1270 assensa]
939 1191 1237 1274 PulchrePiudsrus
1260 1197 1339 1255 ιινθ.

62 1352 64 1366 Ι
135 1273 194 1344 eid.
212 1274 250 1360 γ’.
273 1281 433 1342 ostendens
456 1279 555 1357 idem,
577 1279 660 1361 quod
678 1279 730 1342 hio
751 1281 872 1356 Horat„
898 1279 977 1340 nihil
1006 1297 1069 1338 esse
1090 1278 1137 1345 ab,
1150 1279 1231 1340 omni
1252 1287 1341 1358 perte

134 1366 272 1442 beatum,
295 1365 352 1440 ait,
376 1365 452 1426 Deos
476 1365 669 1444 immortalem
697 1366 751 1426 uni
776 1367 857 1428 bono
881 1363 1053 1425 hominibus
1078 1363 1149 1424 dato
1179 1363 1239 1422 duo
1261 1363 1342 1422 mala
1397 1437 1398 1442 ἵ

137 1450 302 1514 admiscere
321 1451 434 1512 solerer
463 1448 662 1527 haerentem
689 1452 768 1512 mala
788 1451 974 1531 insipienteis
1002 1449 1155 1510 moderate
1181 1450 1259 1508 ferre
1278 1467 1342 1507 non

111 1534 240 1618 [posse.
264 1555 409 1616 suamque
422 1535 579 1614 adversam
597 1537 750 1598 fortunam
771 1537 870 1598 fronte
888 1546 919 1598 et
934 1534 1022 1595 vultu
1040 1535 1193 1595 declarare
1213 1543 1243 1594 et
1266 1553 1344 1613 pro·
1365 1595 1370 1622 ι

138 1621 228 1697 dere,
250 1629 295 1698 et,
317 1624 344 1680 si
371 1621 445 1699 quid
469 1621 539 1682 boni
558 1621 703 1698 habeant,
725 1623 851 1682 stultitia
873 1642 926 1682 sua
960 1620 1090 1682 obruere
1110 1630 1202 1699 atque
1225 1619 1343 1678 exstin-
1433 1629 1434 1636 ’

137 1727 244 1782 guare:
278 1707 438 1786 sapienteis
464 1718 568 1766 eontra
593 1707 808 1766 dissimulando
832 1727 886 1766 sua
917 1705 1038 1785 quidam
1065 1705 1142 1766 mala
1173 1703 1343 1772 occultare:

138 1793 216 1867 bopo
231 1797 330 1852 autem
346 1811 463 1869 suuper
480 1793 510 1852 in
531 1801 653 1874 promtu
669 1791 796 1869 habers,
818 1800 848 1852 et
868 1791 914 1851 his
932 1811 1000 1850 suas
1023 1791 1175 1852 molestias
1193 1789 1345 1849 consolari

139 1897 174 1936 ac
188 1877 304 1936 levare..
322 1877 366 1936 sic
382 1877 470 1936 Pind·
490 1877 532 1958 [v.
549 1877 631 1958 145]
654 1869 777 1957 πήματα
796 1871 854 1940 adv
872 1869 938 1940 Δύο
960 1875 1097 1940 δαίονται
1116 1877 1235 1957 βροτοῖς
1251 1867 1345 1935 Ἀθά.

138 1980 233 2025 νατοι.
254 1957 292 2024 roi
304 1958 360 2042 μὲν
378 1952 424 2024 aiu
444 1957 482 2024 od
503 1955 650 2026 δύνανται
671 1957 778 2044 νήπιοι
798 1956 903 2045 κόσμῳ
922 1959 1043 2043 φέρειν,
1066 1953 1133 2022 a'tt’
1153 1954 1283 2042 dyudoi,
1304 1954 1344 2020 ad

139 2043 216 2110 nutri
236 2044 402 2130 τρέψαντες
422 2044 487 2122 ἔξω.
517 2047 594 2108 adde
616 2056 692 2124 cet,
715 2057 791 2128 ques
817 2046 958 2126 deinceps
984 2056 1153 2124 sequuntur
1184 2044 1222 2104 de
1245 2043 1345 2121 Peleo,
1433 2109 1434 2116 ἶ

140 2133 268 2208 Cadmo,
290 2129 417 2192 achille.
440 2133 525 2196 illum
546 2142 645 2192 autem
661 2133 782 2194 Pindari
797 2134 898 2193 locum
915 2131 1038 2192 ridetur
1053 2129 1201 2209 Theognis
1219 2149 1346 2208 expres-

139 2217 212 2277 sisse
230 2215 281 2276 ui·
303 2215 413 2276 versib.
437 2213 479 2322 [ν.
499 2218 557 2282 571
580 2236 645 2296 sqq.
664 2218 781 2278 Welok.
802 2223 863 2288 441
888 2238 955 2311 sqq.
972 2215 1038 2296 Bu]
1068 2208 1348 2289 oddtifrotaroivr’
1404 2293 1407 2299 ἱ

141 2302 203 2360 ἔστι
222 2294 402 2402 inpeditione,
425 2295 520 2364 un’u
538 2297 594 2381 uio
615 2297 723 2376 taetus
738 2307 845 2388 ΙΤολμμῖ
865 2300 941 2380 ἔχειν
962 2298 996 2363 od
1014 2295 1124 2378 ιιαιιὸν,
1144 2293 1179 2362 α’
1201 2294 1258 2362 οὐκ
1280 2297 1347 2361 teri·

140 2383 231 2472 ὅηλῼῖ
243 2402 341 2462 θείως·
364 2382 470 2459 Ariete
485 2379 511 2449 d’
526 2383 596 2448 ὀὕτε
616 2395 754 2450 κακοῖσιν
770 2388 938 2460 ἐπίσταται,
961 2380 1029 2448 οὔτ’
1053 2379 1217 2468 ἀγαθοῖσιν
1237 2379 1346 2464 θνμόν

141 2465 216 2548 ἔχων
231 2467 361 2548 μίμνειν.
385 2469 490 2546 idest,
512 2471 622 2530 Nullus
637 2481 682 2532 est
697 2471 777 2530 omni
799 2491 837 2530 ex
852 2480 936 2550 parte
953 2469 1074 2530 beatus:
1099 2469 1154 2530 sed
1174 2469 1224 2530 vir
1245 2468 1346 2531 bonus

141 2551 262 2631 quidem
287 2553 390 2630 sudet,
414 2553 564 2614 fortunam
591 2556 747 2616 adversam
769 2557 908 2638 excipere
927 2562 956 2614 et
976 2554 1092 2631 subire,
1121 2575 1218 2634 peque
1244 2563 1347 2614 tamen

140 2643 214 2717 prae
232 2655 263 2696 ae
277 2637 335 2697 t‘ert
348 2639 563 2717 aegritudinem
577 2650 629 2700 aut
644 2661 745 2706 cesum
759 2661 846 2702 suum
862 2632 1030 2702 adversum.
1073 2642 1114 2700 At
1133 2639 1289 2720 improbus
1305 2647 1347 2700 'et

141 2725 268 2800 ignauus
287 2742 385 2802 neque
404 2724 435 2784 iu
459 2725 544 2784 malis
562 2744 660 2804 neque
681 2727 712 2784 ia
732 2725 819 2788 bouis
842 2735 1028 2788 constantem
1055 2725 1187 2786 animum
1214 2725 1348 2783 retinens

141 2825 260 2866 manere
271 2815 384 2886 potest.
427 2811 543 2870 Rursus
556 2809 703 2874 Pindarus
717 2833 781 2890 νεμ.
794 2812 848 2874 stt.
866 2805 903 2886 ζ’.
925 2803 1036 2872 diserte
1049 2819 1148 2888 negat,
1169 2808 1233 2868 fieri
1247 2809 1348 2868 omni-

142 2912 182 2950 no
214 2911 319 2969 posse,
349 2903 384 2953 ut
413 2894 520 2974 aliquis
548 2915 626 2954 unua
655 2897 827 2956 universam
850 2895 1066 2958 beatitudinem
1093 2896 1134 2954 sit
1155 2904 1347 2971 consecutur,

144 2976 186 3056 [v.
200 2975 265 3056 82]
288 2983 388 3056 τυχεῖν
403 2973 435 3041 d'
454 2974 500 3042 ἕν’
514 2972 666 3042 ἀδύνατον
680 2975 892 3062 Εὐδαιμονίαν
906 2977 1028 3044 ἅπασαν
1043 2973 1236 3060 α’νεῖόμενον.
1279 2981 1349 3040 Eo-

13 3095 16 3134 ;
79 3089 86 3106 ι
143 3061 211 3121 dem
226 3065 376 3140 pertinent
393 3073 454 3124 tres
466 3064 569 3144 Eur-ip.
587 3066 695 3125 senarii
710 3069 740 3124 in
754 3067 874 3128 Steneb.
900 3061 965 3129 ode
978 3061 1150 3139 ἔστιν’ὁστις
1162 3057 1251 3126 πάντ’
1268 3057 1349 3146 dorio
1433 3095 1434 3110 ι

136 3141 327 3228 εὐδαιμονεῖ.
340 3143 388 3212 Ἢ
395 3145 453 3232 γὰρ
468 3146 611 3228 πεφνκοῖς
623 3147 731 3222 ἐσθλᾶς
749 3145 805 3213 ονίι
817 3151 876 3231 ἔχει
888 3152 969 3230 βίον·
984 3145 1030 3210 Ἢ
1041 3145 1185 3232 δνςγενής
1198 3144 1243 3210 oio
1257 3153 1350 3210 πλον-

143 3232 215 3296 otuu
227 3225 427 3312 οἷμοῖνιῖοὶαα,
449 3235 483 3294 id
500 3243 562 3310 eat,
585 3255 646 3294 uon
664 3244 708 3294 eat
723 3237 897 3316 quisquam,
919 3233 971 3314 qui
987 3234 1065 3293 omni
1081 3253 1119 3294 ex
1139 3243 1226 3315 parto
1241 3233 1350 3294 beatus

132 3317 205 3392 ‘sin
235 3315 309 3376 Nem
338 3329 390 3379 aut
415 3320 511 3380 bonna
538 3331 647 3380 natura
675 3321 771 3380 sactus
793 3320 915 3381 vivendi
946 3319 1138 3380 facultatibus
1163 3329 1262 3380 caret:
1296 3329 1351 3379 sut

143 3401 283 3481 ignobilis
298 3413 328 3464 et
339 3401 460 3466 humilis
476 3415 562 3465 natus
579 3425 666 3484 agros
681 3405 806 3466 fertileis
823 3415 852 3467 et
872 3405 988 3486 opimos
1003 3413 1076 3464 arat.

100 3500 104 3510 '
230 3487 497 3554 eumanum
533 3511 635 3554 onan,
674 3511 764 3552 erre
797 3510 898 3550 mons
931 3487 1035 3568 Aen]
1076 3489 1349 3570 apud-Homerum

144 3569 275 3632 Achilles
289 3593 320 3632 se
334 3571 539 3652 μινυνθάδιον
555 3597 571 3634 a
588 3585 681 3636 metue
696 3575 809 3636 editum
825 3597 910 3656 esse,¹
926 3575 959 3634 id
980 3584 1040 3650 est,
1061 3575 1143 3636 vitas
1163 3569 1265 3638 brevis
1286 3573 1350 3634 ho-

144 3657 268 3734 minem,
290 3657 382 3718 dicit:
406 3659 456 3740 [Il.
473 3656 508 3738 α’,
522 3659 610 3740 stu]
635 3666 754 3742 Μῆνερ,
773 3659 838 3724 ἐπεῖ
854 3655 887 3742 μ’
912 3659 1005 3734 desudo
1018 3682 1052 3742 ys
1074 3654 1272 3742 peuuuduidsov
1289 3681 1349 3742 orep

144 3736 248 3822 ἐόντα,
279 3739 376 3824 Tauris!
403 3745 459 3828 πέρ
482 3769 534 3826 μοι
558 3743 686 3823 ὄφελλεν,
707 3739 876 3826 Ὀλύμπιος,
891 3745 1068 3830 ἐγγυαλίξαι,
1096 3745 1210 3820 idest,
1240 3745 1349 3822 Meter,

145 3827 386 3906 quandoquidem
399 3851 445 3890 me
457 3831 600 3912 peperisti
616 3831 718 3893 brevis
731 3831 812 3892 vitae
826 3831 992 3908 hominem,
1015 3831 1056 3891 At
1077 3840 1158 3890 certe
1175 3833 1254 3890 Deus
1275 3827 1351 3890 inihi

144 3910 288 3973 honorem
302 3923 333 3974 et
346 3915 472 3992 glorians
487 3915 618 3977 tribuere
630 3916 765 3980 debebat.
789 3917 838 3976 cui
852 3917 895 3976 sic
907 3916 1070 3996 respondet
1083 3915 1194 3991 Thetis,
1213 3915 1252 3992 [v.
1261 3914 1350 3994 414]

136 3995 179 4059 Ὤ
194 3997 262 4078 μοι,
284 3997 390 4062 testudo
404 3995 494 4080 ἐμόν,
517 4003 545 4063 ri
561 4025 599 4062 νν
615 3997 641 4064 o'
655 4001 779 4079 ἔτρεφον
793 4000 865 4066 uiuri
884 4002 1031 4066 tuanen!
1051 3996 1126 4063 Ato’
1139 3994 1245 4080 ὄφελες
1266 3997 1351 4080 παρὰ

144 4083 255 4162 νηυσὶν
270 4075 438 4162 οἷᾶάκμνιος
450 4084 502 4148 καῖ
520 4079 650 4164 deriput
665 4078 795 4148 Ἦσθαι·
817 4081 942 4169 ἐκεῖνό
959 4111 1011 4150 Ιτοι
1029 4080 1102 4148 αἶσα
1122 4079 1260 4165 μίνυνθά
1281 4107 1353 4166 περ,

147 4163 215 4230 οὔτι
239 4163 320 4249 μᾶλα
343 4165 413 4249 driu.
432 4171 542 4244 idest,
570 4169 626 4230 Hei
648 4171 737 4242 mihi,
766 4170 809 4230 fili
827 4172 886 4248 mi,
921 4171 1115 4252 quamobrem
1132 4180 1163 4230 te
1187 4165 1296 4230 sustuli
1320 4181 1353 4230 et

146 4251 224 4328 alui,
247 4264 440 4334 posteaquam
458 4276 527 4316 oum
550 4255 656 4316 dolore
671 4255 799 4336 peperi?
824 4258 943 4330 Utinam
970 4277 1079 4337 expers
1097 4256 1354 4336 laerymarum‘et

145 4338 293 4398 malorum
310 4339 346 4398 ad
363 4343 464 4400 nereis
479 4339 613 4400 sederes:
636 4339 887 4426 quandoquidem
899 4344 1000 4404 brevia
1015 4343 1071 4403 tibi
1083 4342 1147 4402 vite
1165 4327 1258 4400 sDiis
1276 4359 1353 4399 oon-

146 4443 228 4482 oessa
243 4433 303 4497 est,
325 4439 421 4502 noque
436 4425 598 4484 admodum
614 4425 668 4487 diu
686 4429 823 4488 victurus
846 4449 888 4490 sa.
912 4439 943 4490 et
963 4425 1065 4487 eedem
1088 4424 1226 4507 profilia
1246 4426 1352 4486 Iovem
1395 4449 1400 4463 =

147 4527 249 4582 orans,
272 4507 315 4588 [v.
338 4509 424 4589 605]
447 4505 583 4591 Τι’μησόν
606 4534 659 4591 μοι
678 4507 766 4588 utto,
786 4509 822 4588 dc
842 4506 1076 4597 οῖιαιμομνῖνααος
1099 4507 1352 4576 enarum.
