2884 5044
170 313 213 380 ao
334 345 336 352 ,
543 283 745 374 uocatis
774 304 1000 412 canutus.

170 482 268 544 siunt.
287 487 319 544 et
329 477 411 564 apud
420 473 690 568 dpellouldsgon.
704 487 732 550 1.
754 477 835 564 [728
848 477 905 564 sq.]
924 481 1005 546 lovis
1020 481 1138 544 fultusn
1152 478 1294 564 mduut
1319 473 1374 548 'Ee

167 566 224 652 ple
246 567 319 636 ἔσαν
334 564 502 642 Κύκλωπες
513 559 558 630 ἐπ’
577 560 703 656 dedisci
722 563 832 650 iipevos
845 567 920 655 loyes
935 568 1014 651 Ζηνὶ
1023 563 1175 650 κεραυνὸν
1190 564 1299 646 decess
1313 591 1375 632 sso-

167 650 309 736 νεύμενοι
328 661 386 717 etc.
408 653 557 713 Homerus
572 663 671 714 autern
691 649 780 718 dissid.
798 649 925 736 o‘.'[369
940 654 1021 736 sqq.]
1061 655 1231 716 Vulcanum
1247 655 1325 714 facit
1338 655 1372 716 iu

166 741 260 816 coelo,
273 759 336 799 non
348 737 382 798 in
395 737 501 814 dctus,
517 737 581 802 sine
591 739 759 820 Cyclopum
772 721 864 822 opera
873 737 1010 800 Thetidis
1022 744 1131 819 rogatu
1145 739 1273 802 schtltis
1286 761 1374 800 arma
1420 739 1421 745 ’

164 823 380 902 fabricantem,
401 823 513 904 viginti
535 823 661 886 iollibue
685 844 769 885 nuuc
777 823 1044 902 vehementiorem,
1067 845 1151 886 nunc
1169 825 1373 901 remissiorem

163 909 270 969 ilatum
282 956 292 988 ,
320 911 416 992 ¹prout
441 909 540 992 operis
560 908 609 990 vel
634 911 712 972 ratio
741 911 789 970 vel
812 911 973 972 necessitas
992 913 1142 992 postulat,
1166 909 1372 972 mittentibus.

165 999 298 1056 Groneia
316 995 453 1056 cilicinae
469 997 635 1076 Cyclopum
654 997 699 1056 sic
718 995 813 1072 dixit,
833 1005 868 1056 ut
886 997 998 1057 Tibull.
1014 1017 1088 1080 opus
1106 997 1253 1058 nasticum
1268 1017 1371 1076 grave.

161 1075 206 1142 sic
222 1091 322 1140 autem
334 1081 399 1141 Tib.
415 1081 464 1162 [11,
483 1089 510 1160 t,
529 1081 572 1162 6.]
615 1085 658 1142 Et
672 1099 769 1164 grove
787 1103 933 1164 ermpeneo
950 1103 1066 1142 vomere
1080 1093 1173 1141 cesset
1187 1103 1273 1162 opus.

246 1173 277 1234 8.
300 1166 525 1249 vocasses]
548 1166 636 1228 cuius
653 1189 734 1228 uxor
748 1177 794 1228 est
807 1169 915 1229 Venus.
958 1167 1042 1243 Quin
1058 1168 1147 1228 etism
1158 1187 1219 1228 una
1233 1187 1271 1227 ex
1286 1167 1373 1228 Gra-

159 1249 210 1312 tiis
237 1248 370 1314 Vulcani
395 1259 440 1311 est
478 1253 573 1312 amice
605 1273 656 1313 seu
685 1253 869 1331 concubina,
898 1263 934 1314 ut
953 1255 1057 1334 paullo
1078 1261 1148 1312 ante
1169 1253 1370 1314 ostendimus.
1435 1249 1436 1256 '

122 1367 131 1382 ·
158 1335 421 1421 hterea.(inquit)
445 1337 518 1398 dum
534 1339 686 1399 Vulcanus
700 1339 733 1398 iu
748 1337 1042 1420 officineCycloputn
1056 1337 1241 1416 fabricatur,
1251 1330 1370 1398 'Venus

159 1441 230 1484 cum
250 1417 399 1506 Nymphis
421 1427 451 1484 et
474 1418 586 1484 Gratiis
604 1425 694 1486 saltet
705 1433 735 1484 et
755 1423 863 1484 chorot
878 1425 973 1484 ducit.
996 1421 1109 1484 ardena
1122 1433 1223 1484 autem
1248 1425 1300 1484 vel
1325 1423 1370 1485 ed

158 1502 236 1588 ignis
250 1521 391 1570 naturam
407 1509 616 1586 referendum,
639 1510 725 1570 cuius
746 1509 819 1570 deus
840 1510 886 1570 esi
900 1511 1068 1588 Vulcanus,
1094 1509 1163 1586 vel,
1193 1517 1228 1569 ut
1247 1511 1371 1570 mavult

129 1635 133 1653 .
158 1595 358 1672 Passeratius,
384 1592 424 1655 ad
448 1595 577 1656 Vulcani
602 1595 701 1676 operis
717 1593 826 1655 intenti
847 1595 995 1654 studium:
1017 1603 1054 1654 ut
1079 1596 1161 1676 apud
1182 1595 1264 1676 Virg.
1288 1595 1368 1656 Aen.

157 1674 210 1750 lib.
229 1687 256 1748 1.
273 1679 377 1764 [427]
400 1681 523 1742 Instant
535 1679 674 1740 ardentes
691 1683 785 1759 tyrii.
809 1689 839 1739 et
854 1681 961 1758 Georg.
977 1683 1008 1746 4.
1032 1679 1132 1760 [169]
1155 1681 1261 1741 Fervet
1274 1691 1367 1761 opus,
1435 1745 1436 1758 ἵ

157 1765 352 1850 'redolentque
374 1767 476 1846 thymo
491 1755 683 1845 ¹fragrantia
703 1767 802 1828 mella.
826 1763 909 1825 Idem
926 1765 978 1825 lib.
992 1771 1021 1832 4.
1040 1767 1114 1826 Aen.
1137 1763 1243 1848 [407]
1268 1769 1368 1846 Opere
1435 1771 1436 1776 ’

158 1857 258 1912 omnis
282 1855 509 1930 remitoservet.
538 1853 675 1932 Propert.
691 1849 744 1912 lib.
762 1857 792 1917 4.
810 1851 897 1930 epist.
916 1850 1091 1927 Arethusae,
1112 1851 1177 1933 [πῃ
1193 1847 1261 1936 62]
1285 1851 1373 1912 ὑίισ-Ι
1435 1905 1436 1908 ,

157 1941 311 2020 vinctique
324 1939 426 1998 colent
441 1935 488 1996 od
500 1957 581 1996 novo
596 1939 686 1996 lucro
696 1957 808 2016 popae.
831 1935 936 1998 Horat.
946 1937 1033 2016 epod.
1042 1937 1189 2008 Odex‘eu.
1197 1937 1273 2020 [35]
1302 1939 1367 1998 Co·
1435 1943 1436 1946 ’

156 2025 200 2084 les
215 2027 336 2086 venenis
349 2025 480 2106 officina
488 2021 653 2082 Colchicis.
688 2023 777 2081 Urere
788 2031 888 2082 eutem
905 2021 1221 2104 officinaesictlictutu
1231 2034 1365 2105 essepu-

154 2119 201 2170 tot
213 2111 294 2171 idem
309 2114 451 2172 Passerat.
478 2117 513 2168 ut
531 2107 611 2168 illud
632 2129 649 2166 a
669 2107 835 2188 Propertio,
866 2101 915 2187 su,
939 2113 967 2184 1,
982 2107 1047 2190 54]
1064 2104 1199 2178 ‚Colchis
1217 2109 1366 2170 Colchio-

118 2217 123 2230 ¹
155 2199 201 2255 cie
221 2208 295 2256 rorat
314 2197 415 2255 olzene
426 2194 523 2273 socie.
567 2191 727 2278 (Nonnulli
744 2192 817 2254 libri
834 2203 950 2253 veteres
959 2203 1061 2254 tamen
1073 2191 1187 2254 hebent
1200 2197 1365 2280 visitoffi-

154 2283 265 2362 einos.)
288 2281 426 2364 [Exedit.
442 2284 560 2356 peston]
848 2349 853 2368 .
1045 2325 1047 2334 ,

231 2373 267 2450 ,9.
297 2365 409 2430 Nesc
441 2383 566 2427 nacae
595 2357 681 2438 sui]
707 2385 792 2424 nunc
812 2363 916 2440 decet,
946 2357 1003 2428 'aut
1029 2373 1178 2446 myrteam
1210 2385 1358 2426 coronam

153 2453 245 2533 capiti
272 2453 445 2535 imponere,
482 2461 535 2510 aut
565 2471 604 2511 ex
638 2449 705 2510 eliis
733 2451 861 2510 floribus
895 2451 1125 2528 concinnatam,
1168 2470 1245 2530 quoa
1276 2461 1360 2512 ten-a
1435 2523 1436 2530 ἵ

151 2539 253 2598 laxata
283 2549 313 2598 et
346 2539 447 2598 soluta
471 2535 559 2598 verni
579 2535 733 2618 'temporis
760 2547 896 2616 tempore
926 2536 1085 2597 expulerit:
1124 2557 1185 2616 quo
1211 2557 1297 2598 mose
1322 2538 1362 2596 iu
1435 2557 1436 2562 ¹

153 2621 303 2684 conviviis
336 2633 452 2684 veteres
484 2623 656 2682 utebantur.
707 2623 844 2681 attendat
882 2630 982 2680 autem
1010 2621 1183 2682 adolescens
1216 2620 1277 2682 hoc
1306 2623 1361 2682 lo-

151 2695 267 2790 queiuli
293 2727 401 2788 genus:
433 2717 528 2788 capot
550 2705 697 2790 impedire
721 2719 833 2787 myrto,
877 2727 934 2790 pro
947 2727 999 2782 ,eo
1024 2707 1106 2786 quod
1132 2717 1193 2784 est,
1226 2707 1361 2769 corollas
1435 2729 1436 2732 ’

151 2812 190 2856 ex
215 2805 317 2874 myrto
339 2791 432 2875 capiti
453 2791 617 2874 imponere.
645 2813 709 2852 non
731 2794 893 2852 admodum
914 2787 1072 2851 dissimilia
1091 2801 1164 2852 sunt
1188 2789 1260 2870 itta,
1289 2793 1361 2855 Ode
1435 2785 1436 2838 Ϊ

149 2903 206 2942 vn.
234 2879 314 2962 [23]
371 2883 516 2960 Tempora
544 2879 682 2958 populeo
704 2879 813 2957 fertur
838 2879 973 2936 vinxisse
999 2899 1123 2940 corono.
1184 2879 1251 2938 Ode
1279 2886 1358 2940 xxti.

150 2967 204 3029 lib.
229 2972 259 3032 8.
279 2964 355 3046 [20]
381 2961 554 3045 cingentem
573 2956 670 3026 viridi
689 2974 825 3044 tempora
849 2963 1013 3042 Pmnpino.
1035 2963 1092 3026 Od.
1110 2985 1132 3026 1.
1152 2961 1205 3022 lib.
1225 2963 1255 3030 4.
1276 2964 1356 3046 [22]

150 3050 194 3114 Et
215 3053 332 3110 vincire
353 3054 441 3110 nocie
458 3061 594 3130 tempora
606 3049 752 3130 floribus.
775 3049 862 3108 aliter
887 3049 969 3108 dixit
991 3051 1089 3129 Satyr.
1111 3049 1253 3115 6:1ib.1.
1272 3049 1356 3133 [27]

66 3181 71 3188 .
152 3157 223 3198 crus
237 3137 367 3218 pellibus
383 3137 538 3221 impedire.
560 3135 643 3195 Nam
657 3146 694 3194 ut
708 3137 981 3217 quisques'nsonue
993 3137 1096 3216 nigris
1106 3131 1243 3196 medium
1259 3139 1358 3216 impe-
1435 3171 1436 3218 3

150 3219 212 3282 diit
229 3241 300 3282 crue
317 3221 460 3284 Pellibue.
1179 3221 1189 3292 ,¹

234 3311 265 3374 9.
284 3305 469 3392 usrso'uts]
491 3301 636 3390 λιπαρόν,
653 3303 817 3385 unguentis
831 3303 1018 3382 delibutum,
1038 3313 1075 3364 ut
1096 3305 1154 3366 Od.
1168 3323 1226 3388 sss.
1250 3305 1303 3366 hb.
1322 3313 1355 3374 2.

151 3393 205 3468 [8.]
226 3396 365 3452 nitenteie
386 3391 583 3452 Molobatlsro
608 3394 696 3471 Syrio
720 3391 859 3472 capillos.
882 3401 912 3450 et
930 3391 970 3452 M.
986 3391 1064 3450 trull:
1087 3391 1173 3451 catil.
1187 3410 1224 3451 st.
1247 3391 1290 3472 [3,
1307 3393 1354 3474 5.]

150 3481 207 3569 qui
226 3483 321 3538 nitent
339 3475 518 3560 unguentis,
542 3479 596 3558 qui
607 3478 737 3557 fn'lgmt
749 3497 900 3556 puepnro.
923 3485 953 3536 et
967 3477 1061 3536 Plaut.
1075 3477 1277 3553 Truculento,
1302 3479 1354 3560 [πῃ
1435 3485 1436 3490 ’

148 3569 180 3638 ll,
194 3563 241 3644 3.]
260 3563 387 3644 fervide
406 3575 442 3623 ut
459 3573 523 3622 toto
532 3565 643 3644 floret,
674 3573 710 3620 ut
733 3563 796 3620 oleo
815 3559 1016 3627 nitide-nitet.
1045 3571 1077 3622 et
1094 3561 1200 3642 virgil.
1221 3562 1297 3625 Aen.
1321 3565 1353 3631 5.

148 3645 248 3731 [135]
271 3649 476 3732 Nudatoaque
490 3647 844 3728 ltum'ero'aoleoperfuaa
860 3650 990 3708 nitescit.
1044 3647 1048 3657 ’
1103 3665 1106 3672 “

210 3723 213 3732 ’
236 3741 284 3801 11.
306 3737 439 3796 Fauno
460 3752 584 3796 neces
606 3729 841 3814 russeum]
863 3731 1026 3813 Dionysius
1037 3731 1170 3794 Halicer.
1185 3725 1250 3816 ἆρχ.
1274 3734 1352 3818 desp.

146 3811 187 3887 α’.
203 3815 242 3900 [c.
257 3819 319 3900 31]
340 3821 450 3894 tradit,
471 3821 610 3880 Faunum
622 3819 730 3898 Regem
741 3817 939 3896 Aboriginum
952 3819 1052 3896 luisse,
1075 3819 1202 3878 abiecte
1214 3829 1352 3902 prognt-

104 3895 106 3907 '
144 3914 223 3981 tum,
246 3925 370 3986 eumque
389 3905 577 3980 allemania,
598 3913 740 3984 tanquam
758 3905 888 3984 sliquem
907 3903 1043 3984 patrium
1054 3903 1167 3981 Deum,
1190 3905 1351 3979 sacrificiis

145 4001 177 4052 et
199 3987 471 4062 carminibus‘coli.
516 3991 653 4070 Dionysii
671 3987 765 4052 narba
788 3995 860 4048 sunt
881 3987 971 4065 haec,
994 3983 1063 4052 ’lieri
1100 3987 1351 4072 nosdledee‘rslo

145 4077 301 4158 βασιλείαν
313 4078 375 4140 τῶν
385 4069 580 4159 Ἀβοριγῖνων
591 4071 785 4157 παρειληφώς
794 4071 1044 4156 ΦαῦνοςἍρεος,
1059 4089 1217 4156 ως“φασιν,
1236 4070 1350 4159 sindyo'-
1435 4141 1436 4144 ,

144 4156 290 4309 tent
305 4158 378 4310 tt?
391 4167 447 4310 ti
463 4154 891 4318 tennerit
912 4155 1093 4329 ttttt
1123 4160 1351 4314 cern

146 4316 189 4412 [p-
209 4335 259 4398 88.
279 4271 325 4394 dd
344 4331 423 4414 Rip]
443 4273 485 4392 ile
505 4331 608 4408 lingua
630 4329 750 4402 Latina,
768 4307 887 4388 Pinnos
909 4267 1088 4390 minonem
1102 4330 1180 4390 usos
1201 4333 1348 4414 appellat.
1361 4357 1370 4380 ⁴-

144 4417 185 4495 Μ.
198 4415 277 4478 Tull.
290 4417 341 4478 lib.
362 4422 406 4494 [8,
422 4421 453 4494 6,
470 4413 532 4494 16.]
554 4415 667 4475 deust.
681 4412 766 4476 Deor.
781 4415 835 4474 sub
847 4435 976 4496 persona
987 4415 1075 4476 Balbi
1088 4415 1141 4493 ait,
1163 4437 1250 4498 saepe
1263 4417 1348 4478 Fau·-
1435 4483 1436 4490 ,

146 4519 254 4560 aarum
268 4521 356 4561 voces
368 4501 542 4576 exauditas,
562 4518 648 4581 saepe
661 4499 738 4560 vissa
749 4501 859 4560 formas
872 4499 1012 4576 Deorum,
1025 4501 1161 4582 quemvis
1174 4521 1240 4563 uon
1251 4501 1349 4564 bebe-

146 4595 206 4646 tem
227 4595 281 4647 aut
289 4585 415 4668 impium
429 4585 505 4646 ileos
518 4595 581 4646 'esse
593 4585 776 4667 praeseuteis
786 4583 926 4647 confiteri
940 4585 1082 4668 coigim.
1123 4587 1263 4652 rausum
1278 4589 1346 4670 qui.
