2874 5050
134 229 203 342 uro
508 234 712 336 eoeertt
739 271 967 336 ctrutnu

219 451 253 514 8.
273 443 431 526 resera]
453 445 590 506 nonnulli
604 443 674 504 libri
690 453 809 504 veteres
826 443 1062 528 babentpimn'e.
1223 513 1229 520 ,

221 535 253 596 3,
276 535 441 610 virneo]
464 531 617 612 pellucido
633 513 728 590 instar
748 531 836 608 vitri,
856 533 1016 612 διαφανεῖ,
1037 539 1074 590 et
1091 527 1149 588 Od
1160 549 1233 590 xm.
1249 528 1312 588 lib.
1329 533 1364 594 3-

137 615 230 698 [init]
253 639 270 676 o
281 613 355 698 sons
370 613 552 676 Blandusiae
567 613 752 698 splendidior
766 618 854 677 vitro.
869 627 901 677 et
917 616 1079 678 0d.xvn1.
1098 613 1150 677 lib.
1166 621 1194 681 1.
1214 614 1264 696 [v.
1284 613 1364 694 16.]

136 699 398 786 Arconiqeefides
408 699 537 782 prodigo
548 697 727 783 pellucidior
743 701 828 765 vitro.
851 703 900 764 vel
917 701 1046 763 vitreum
1064 699 1155 776 dixit,
1172 701 1245 780 quie
1268 721 1364 780 aqua

137 787 234 848 ootnis
247 787 352 862 vitrei,
372 787 404 846 id
419 795 480 862 est,
501 787 609 846 viridis
628 796 681 848 eut
696 787 827 847 caerulei
843 787 955 848 coloris
968 788 1107 864 videtur,
1128 795 1163 844 ut
1179 795 1286 848 enoot.
1313 783 1363 844 ad

138 873 197 934 0d.
211 891 288 932 xvir.
309 871 361 934 litt.
376 877 404 938 1.

222 959 253 1024 5.
277 957 413 1018 Moero
434 972 595 1016 ueounn.
618 973 747 1016 eruor
769 977 855 1022 aun.
877 956 956 1038 eto]
1000 955 1084 1018 Ordo
1110 955 1278 1016 verborum
1301 963 1362 1013 te.

138 1044 178 1103 lie
193 1053 246 1106 est.
269 1043 367 1102 temet
383 1043 528 1106 Pindarus
549 1043 633 1102 velut
647 1041 742 1102 amnis
757 1053 863 1104 monta·
879 1043 1055 1118 decurrens,
1076 1039 1109 1100 id
1128 1051 1189 1118 est,
1211 1051 1360 1114 torrens,

139 1147 227 1212 qoem
244 1127 355 1188 imbre·
370 1138 429 1190 ete.
450 1127 595 1204 significat
608 1126 669 1188 hoc
689 1127 798 1205 siusili,
820 1129 982 1190 Pindarum
1001 1127 1103 1188 verbis
1120 1147 1184 1186 ease
1197 1125 1360 1205 granden

140 1225 171 1276 et
189 1214 318 1289 elatum,
341 1213 494 1274 sententiis
510 1213 631 1274 uberent
645 1223 677 1273 et
690 1213 864 1292 copiosum,
892 1215 958 1294 ipso
974 1213 1119 1274 sermonis
1140 1231 1234 1272 cursu
1256 1213 1359 1272 cele-

45 1339 48 1346 ι
139 1319 203 1360 rem
220 1307 251 1360 et
262 1300 429 1360 incitatum.
451 1299 488 1358 de
504 1297 564 1358 hoo
586 1307 688 1359 auteur
709 1295 817 1376 genere
833 1297 947 1360 ordinis
965 1299 1148 1379 aliquantum
1170 1295 1357 1378 perturbati

141 1385 275 1446 dicemus
295 1385 332 1444 ed
351 1385 436 1444 illone
455 1383 555 1442 locum
570 1387 669 1464 Satyr.
685 1387 716 1448 6.
737 1383 790 1442 lib.
809 1393 843 1470 1.δ
860 1384 901 1464 [v.
918 1389 961 1450 94
974 1383 1032 1465 sq.]
1054 1405 1149 1468 aquae
1170 1404 1230 1442 non
1251 1379 1358 1442 ditior·

141 1491 217 1528 arna
233 1465 293 1546 (lid
306 1465 389 1528 loeus
407 1489 425 1526 o
439 1467 518 1552 forti
535 1465 677 1528 Diomede
692 1481 733 1528 est
748 1467 885 1529 conditus
900 1467 984 1532 olim.
1007 1465 1067 1528 buc
1082 1468 1242 1548 pertinent,
1266 1485 1357 1547 quae

141 1553 351 1614 ennoteviunts
364 1553 401 1612 etl
412 1553 498 1612 illum
515 1553 625 1630 locum,
639 1555 878 1634 oeteroflums'nis
889 1551 965 1614 Ritu
977 1553 1113 1634 fimatur
1123 1561 1178 1612 etc.
1187 1555 1247 1614 0d.
1256 1571 1354 1612 xm.

140 1637 191 1698 ttb.
206 1643 235 1704 8.
252 1635 293 1716 [r.
310 1643 351 1705 38
368 1637 425 1718 sq.]
468 1639 559 1712 Quod
574 1649 673 1698 eutem
688 1637 809 1718 quidem
826 1639 895 1698 libri
909 1637 1036 1714 hebent,
1060 1635 1131 1700 Corn
1147 1661 1234 1719 super
1256 1652 1356 1698 notos

139 1717 245 1783 saliere
260 1725 351 1804 ripas,
373 1743 433 1782 non
449 1723 549 1804 placet
565 1741 663 1802 neque
679 1723 750 1784 ferri
765 1733 876 1804 potest.
922 1724 1004 1799 Quid
1022 1733 1066 1784 est
1078 1723 1154 1782 enim
1169 1723 1280 1783 imbres
1294 1743 1356 1781 so-
1424 1727 1425 1732 ’

139 1805 209 1868 llere
226 1829 312 1888 super
326 1803 436 1890 ripas?
456 1807 581 1882 diristet
598 1809 716 1888 potius,
739 1827 809 1868 cum
825 1810 919 1869 uronis
935 1809 1016 1870 saliit
1037 1827 1129 1890 super
1143 1807 1227 1888 ripas
1242 1817 1354 1884 uuus,
1424 1829 1425 1854 t

139 1911 193 1954 aeu
207 1893 307 1972 potius
323 1903 408 1954 extra
422 1893 514 1974 ripas.
556 1895 803 1974 Omninooinepn
820 1895 970 1975 scripture
987 1903 1034 1955 est
1046 1905 1077 1954 et
1089 1893 1276 1974 priuiuurob
1293 1893 1354 1952 eli·

139 1977 381 2056 quosemidocto
397 1989 541 2038 ettamen
557 1979 725 2040 confidente
744 1985 911 2058 excogitate
931 1991 1020 2060 atque
1038 1979 1206 2058 adscripta:
1229 1977 1353 2039 deiude

139 2061 176 2120 ab
191 2062 292 2142 aliquo
307 2065 456 2144 scriptore
472 2065 594 2124 librario
610 2065 805 2134 intexturam
822 2067 984 2126 verborum
1002 2065 1155 2124 translate.

223 2153 253 2212 9.
275 2148 431 2208 Leonee
457 2169 666 2210 posennus
695 2151 964 2232 Aroeeeneer]
987 2155 1059 2232 Sup.
1083 2147 1215 2211 ottutt.
1239 2143 1298 2205 tit».
1316 2149 1351 2209 8.

140 2229 181 2311 [V-
197 2232 261 2312 li]
278 2229 394 2312 lourrnn
414 2231 589 2312 Delphicum
603 2233 691 2297 dixit.
711 2244 743 2295 et
756 2235 834 2296 infra
849 2237 915 2297 Ode
934 2255 1024 2318 prox.
1049 2233 1093 2316 [ν’.
1109 2231 1200 2312 5⁸4]
1244 2227 1352 2290 Deliis

141 2313 284 2368 Ornotum
296 2311 386 2390 jolite
400 2315 512 2374 ducem.
873 2311 879 2324 '

41 2466 50 2486 .
226 2397 275 2456 10.
291 2393 363 2452 Seu
384 2413 455 2454 aaa
472 2415 555 2458 eoo.
573 2417 674 2476 rore
688 2405 870 2488 uerrere]
886 2405 1010 2467 ltTutt.
1026 2404 1119 2472 tine.
1136 2396 1349 2478 [48,184⁸q·]

139 2475 178 2537 de
195 2485 323 2552 oratore,
339 2478 376 2538 de
391 2484 523 2541 numeris
538 2485 676 2546 oratoriis
694 2487 861 2566 disputans,
884 2489 1020 2572 Namque
1030 2513 1083 2572 ego
1098 2483 1220 2566 (iuquit)
1238 2483 1350 2544 Theo-

135 2559 259 2644 pbrosto
279 2566 438 2640 ornatior,
461 2569 513 2648 qui
531 2583 619 2649 putot
642 2573 817 2646 orationem,
839 2594 914 2656 quoe
937 2573 1054 2656 quidem
1077 2577 1116 2634 eit
1134 2569 1233 2654 polito
1252 2583 1349 2651 atque
1423 2599 1424 2640 ς

132 2643 225 2730 facto
243 2645 481 2730 quodammodo,
504 2674 564 2712 non
583 2657 719 2726 astricte,
740 2653 792 2716 sed
808 2657 953 2718 remissius
967 2679 1148 2721 numerosam
1168 2677 1230 2716 esse
1243 2675 1347 2734 opor-

137 2743 206 2792 tere.
251 2731 385 2808 Etenim,
407 2735 483 2794 sicet
502 2735 555 2796 itte
566 2741 748 2820 suspicetur,
770 2763 812 2802 ea·
828 2737 891 2802 iltis
903 2739 1018 2815 modis,
1042 2741 1148 2826 quibos
1166 2739 1216 2800 bic
1236 2739 1347 2798 osito-

136 2827 184 2873 tos
198 2835 296 2874 nereus
308 2815 456 2900 efficitur,
477 2835 547 2900 port
562 2839 753 2903 anapaestus,
768 2827 919 2906 procerior
938 2824 1059 2909 quidem
1077 2847 1226 2900 nements,
1245 2821 1346 2908 efflo-
1365 2865 1369 2874 ·

136 2899 216 2958 ruit:
237 2895 306 2958 inde
317 2897 368 2960 ills
381 2899 517 2963 licentior
529 2921 558 2963 et
571 2903 691 2968 divitior
708 2911 805 2990 fluuit
819 2905 1023 2991 dithyrambos
1032 2953 1041 2980 ,
1063 2913 1147 2973 cuius
1165 2909 1302 2968 membra
1315 2919 1345 2966 et
1421 2969 1422 2984 ,

132 2980 221 3064 pedes
236 2981 283 3066 (ut
295 2985 338 3042 oit
352 2983 441 3062 idem)
455 3003 522 3048 eunt
536 2991 566 3049 in
583 2993 664 3050 omni
675 2989 817 3074 locuplete
829 2997 962 3054 oratione
975 2993 1109 3080 dffluso:
1129 3011 1171 3063 et.
1194 2996 1222 3053 si
1239 3015 1343 3052 nume·

135 3089 233 3127 rosum
249 3081 291 3128 est
307 3065 342 3127 id
354 3069 385 3128 in
397 3069 532 3142 omnibus
545 3077 626 3134 sonis
638 3077 871 3158 etquevoce'bus,
895 3077 976 3160 quod
995 3079 1082 3140 bobet
1106 3076 1254 3162 quosdam
1276 3079 1343 3138 im-

13 3217 14 3222 ,
131 3155 295 3232 pressiones
313 3168 340 3215 et
360 3153 442 3235 quod
462 3160 560 3217 metiri
579 3181 733 3240 possemus
751 3161 915 3222 interuallis
932 3165 1107 3247 aequalibus
1114 3212 1123 3242 ,
1145 3177 1221 3224 recte
1243 3185 1343 3246 gerres
1421 3229 1422 3232 Ἰ

133 3231 191 3296 boc
206 3257 408 3314 numerorum,
431 3235 591 3304 dummodo
605 3267 641 3304 ne
657 3247 825 3308 continuum
843 3249 896 3318 sit,
919 3250 950 3308 in
964 3251 1107 3311 orutionie
1128 3246 1219 3310 leude
1238 3270 1341 3332 poree-

130 3329 190 3378 tor.
217 3339 279 3399 quo
296 3339 334 3382 ex
356 3323 423 3382 loco
439 3327 540 3404 colligi
558 3339 674 3408 potest,
699 3330 923 3411 dithyrambum
937 3334 1045 3414 pedem
1068 3355 1128 3396 non
1148 3333 1260 3408 luisse,
1282 3333 1341 3416 “P

133 3403 180 3502 vel
194 3403 320 3465 oltoraua
335 3407 385 3467 vel
407 3429 527 3471 oermeu
546 3415 687 3494 oliqood,
710 3417 803 3496 idque
819 3419 850 3476 in
870 3418 1038 3492 Beccburn,
1060 3421 1112 3500 qui
1135 3428 1260 3500 preeter
1277 3419 1340 3478 elia

133 3497 221 3548 ettam
236 3488 298 3580 hoo
313 3493 432 3554 nomino
445 3498 630 3576 appelletur,
654 3511 794 3582 utsupra
816 3503 954 3564 diximus.
998 3505 1081 3564 ldesn
1093 3507 1174 3566 Tull.
1192 3504 1225 3564 in
1241 3525 1278 3564 eo
1295 3503 1339 3562 li-

131 3571 223 3648 betto,
238 3577 290 3672 oui
302 3575 476 3640 inscribitur
490 3581 527 3640 de
542 3587 654 3662 optimo
669 3607 777 3663 genero
794 3599 948 3649 oratorum
965 3591 1061 3669 [init.],
1075 3589 1339 3670 dithyrambicum

129 3673 222 3760 penus
236 3679 267 3718 tn
284 3663 427 3736 poematis
444 3679 589 3730 numeret.
634 3669 785 3732 Poi'motis
799 3676 874 3734 enim
894 3673 1017 3755 (inquit)
1044 3677 1181 3756 'li-ogici,
1208 3673 1336 3754 Comici,

129 3737 240 3821 Epiri,
256 3741 365 3806 Melies·
388 3751 494 3816 etiem.
518 3773 557 3813 oc
580 3751 812 3838 Ditbyramlu'oi,
834 3755 915 3840 quod
942 3761 1039 3820 mines
1063 3775 1104 3820 est
1128 3775 1292 3820 tractorum
1315 3783 1337 3821 u

131 3824 267 3902 Latinis,
289 3852 373 3890 suum
394 3831 517 3914 quodvis
534 3861 627 3919 genus
641 3855 682 3898 est
700 3839 843 3904 diuersm
859 3865 877 3900 tt
899 3841 1030 3926 reliquis.
1073 3845 1133 3904 leot
1157 3845 1335 3924 dithyrem-
1422 3853 1423 3862 ’

128 3907 200 3970 bum
224 3913 343 3993 OlymP·
380 3922 471 3980 chrm·
496 3927 543 3986 ts.
566 3923 713 3984 Pindarus
741 3929 888 4005 signilicot
908 3929 1044 3992 Corinthi
1072 3951 1136 3989 esse
1160 3931 1334 4012 inventum,

129 4011 257 4092 Uimque
282 3997 322 4076 [v.
339 3999 403 4080 Pb]
427 4002 578 4086 βοηλάτην
599 4011 751 4084 nominat,
774 4013 823 4070 vel
844 4013 926 4094 quod
948 4017 1057 4075 victori
1075 4015 1129 4074 boe
1147 4026 1214 4075 eret
1234 4037 1334 4096 prae-

127 4097 221 4176 torum
243 4081 293 4180 rel
315 4083 396 4162 quod
418 4093 635 4153 concinorum
653 4096 853 4174 renitebatur,
873 4103 1012 4180 quentvie
1025 4101 1105 4161 idem
1121 4102 1274 4161 Pindarus
1296 4105 1331 4164 in

128 4181 227 4240 premo
241 4164 431 4246 dithyrambo
448 4171 498 4254 (ut
516 4179 621 4237 scribit
643 4179 706 4238 eius
729 4181 886 4262 interpres.
936 4185 1010 4244 Nam
1032 4184 1107 4245 nibil
1126 4207 1182 4246 uos
1205 4188 1329 4264 quidem

128 4251 277 4348 cpmpertl
297 4249 405 4314 habere
421 4277 593 4337 possumus,
616 4283 685 4323 cum
708 4287 809 4326 omues
825 4267 975 4328 Pindarici
997 4270 1182 4350 dithyrambi
1202 4273 1329 4334 interie-

126 4331 201 4412 rmll
224 4334 306 4435 ‘hott
325 4337 434 4400 Tleebis
459 4363 522 4403 osse
542 4359 705 4426 repertum.
754 4353 893 4413 'l'radunt
918 4357 1070 4430 nonnulli,
1100 4357 1327 4438 dithyrambum

126 4413 251 4479 oleorum
263 4421 354 4482 luteae
369 4423 401 4484 in
421 4427 522 4488 orbern
539 4441 656 4507 actum,
678 4435 716 4495 ed
737 4435 882 4499 honorem
899 4437 1007 4498 llacchi
1029 4441 1209 4524 laudemque
1231 4447 1326 4524 perti-

117 4503 260 4610 ¹etoleno:
283 4525 410 4590 eumque
429 4531 491 4576 esse
507 4517 692 4598 appellatum
705 4515 768 4586 dmi
780 4528 836 4590 rori
850 4519 1004 4590 Διονύσου
1020 4530 1076 4591 roei
1091 4525 1125 4624 is
1139 4525 1197 4594 δύο
1215 4537 1325 4614 &speie
1421 4527 1422 4612 ]
