2882 5048
147 217 220 312 ,Μ
383 189 1052 318 ,ῃοιιι-τιιαιξοαοαιιααα
1157 285 1160 305 ,

152 383 229 448 tavit
252 395 342 466 etque
371 387 404 450 in
427 387 574 470 oppidum
602 384 779 448 Trachinem
807 386 960 470 prolicieei
984 387 1150 472 conetitnit
1207 389 1286 450 Cum
1317 391 1362 450 ad

113 525 117 544 ,
150 471 286 531 Euenum
308 473 453 556 fluvium,
476 475 561 534 cuiue
585 473 714 554 portitor
733 483 798 536 erat
817 476 927 536 lleeeue
949 485 1128 550 centaurea,
1155 479 1360 556 perveniasee,

150 555 215 634 ipae
234 557 357 618 fluvium
371 557 499 638 pedibdl
516 560 683 637 superavit:
705 557 874 619 Deianiram
890 549 988 620 eu'tem
1008 561 1147 620 mercede
1161 570 1250 640 pacta
1261 561 1360 618 Nesso

149 641 354 702 traiiciendem
370 643 502 723 r'eliquit.
545 643 618 714 llic,
642 643 714 704 dum
731 664 794 704 aem
811 645 939 720 traiicit,
963 645 1023 706 vim
1040 645 1068 704 ei
1084 645 1196 706 inferre
1216 655 1361 704 conetur.

150 725 295 788 Herculea
311 727 465 788 Deianirae
479 729 540 788 vim
556 729 758 810 propulsantis
777 729 907 790 clamore
922 729 1063 790 exauditu
1078 731 1246 808 egredienti
1260 731 1359 788 Nemo

149 813 338 876 mortiferum
354 814 465 874 vnlnua
487 815 607 874 inflixit.
649 816 758 874 Neaaue
781 815 977 884 moribundae
995 816 1148 876 Deianirae
1171 816 1211 876 ad
1232 835 1267 876 ee
1284 835 1358 873 evo·

75 907 86 932 ¹
150 907 233 958 cetae
255 897 347 973 dixit,
371 919 403 958 ae
419 898 565 980 philtrum
586 900 613 960 ei
632 899 704 960 dere
719 901 814 971 velle,
834 917 896 980 quo
918 899 1055 962 lleroulie
1077 921 1146 978 erge
1165 921 1199 960 ee
1222 915 1357 958 amorem

149 977 328 1064 perpetuum
343 1004 378 1044 ac
394 983 606 1066 eempiternum
621 985 770 1046 retineret.
792 985 968 1064 (Cunctabet
985 995 1084 1044 autem
1102 985 1303 1065 idphiltrum
1320 1005 1357 1042 ex

148 1067 243 1146 ipsiua
260 1069 473 1130 Neaei·cruore
489 1079 518 1138 et
534 1092 569 1132 eo
587 1091 720 1146 veneno,
742 1091 802 1150 quo
824 1091 947 1130 enorum
964 1071 1094 1131 telorum
1110 1071 1251 1150 coepidee
1271 1069 1358 1128 ller-
1421 1127 1422 1150 ,

149 1153 231 1212 colea
253 1155 373 1214 inlicere
394 1153 530 1231 aolebet.)
576 1155 643 1228 Quo
660 1155 771 1236 cupide
789 1165 914 1236 eccepto
935 1165 966 1216 et
982 1156 1116 1216 studione
1135 1165 1258 1214 oerveto
1285 1175 1356 1214 cum
1421 1155 1422 1174 ¹

148 1237 285 1298 Deianira
301 1261 408 1320 perum
431 1250 546 1318 gratum
563 1240 600 1300 de
619 1241 699 1316 lole,
721 1241 829 1319 Euryti
846 1241 925 1316 filia,
947 1243 1085 1300 nuntium
1109 1242 1279 1320 accepiaaet
1300 1259 1357 1298 ve-

147 1335 341 1404 rereturque,
363 1345 400 1384 ne
416 1325 508 1384 lolam
525 1326 581 1386 eibi
599 1335 794 1406 anteponeret
808 1325 961 1402 Herculea,
985 1327 1114 1387 inuicem
1132 1325 1169 1384 od
1184 1345 1253 1386 enm
1271 1325 1356 1384 misit

148 1428 255 1468 eruore
275 1409 328 1468 illo
351 1409 512 1488 imbutam,
535 1429 603 1470 cum
627 1411 811 1472 existimaret
834 1410 978 1491 plailtrum
998 1431 1079 1472 ecee:
1101 1431 1192 1488 quam
1212 1429 1285 1470 cnm
1303 1410 1355 1468 ille

148 1491 294 1552 induieeet
316 1514 523 1574 venenumque
542 1495 618 1555 illud
639 1499 775 1574 corporie
790 1507 931 1555 contactu
947 1495 1179 1556 concalescetum
1198 1495 1355 1575 nequead

115 1569 118 1586 ’
148 1579 262 1642 viecera
278 1591 488 1657 permamanet,
511 1581 674 1640 voceaillee
690 1581 885 1640 miaerobileie
899 1580 1004 1660 edidit,
1017 1601 1093 1662 queo
1108 1581 1253 1660 leguntur
1268 1579 1355 1662 apud

148 1663 326 1745 Sophoclem
340 1665 370 1724 in
388 1665 527 1724 Trachin.
548 1665 619 1725 vide
637 1665 695 1728 Od.
711 1653 757 1728 ul.
776 1663 867 1726 huius
880 1665 934 1725 lib.

207 1755 285 1816 ·32.
308 1771 376 1810 nec
399 1753 540 1810 Secann
562 1769 731 1810 reavrne
755 1745 918 1826 unere}
937 1752 982 1812 aie
1002 1751 1152 1831 egohunc
1168 1751 1273 1810 locum
1294 1769 1352 1808 vo-

148 1845 244 1896 terum
263 1836 400 1896 codicum
418 1838 626 1896 auctoritatem
645 1845 766 1894 eecutue
786 1835 949 1900 emendavi.
970 1840 1014 1906 ain
1030 1840 1106 1898 anim
1127 1839 1274 1918 ecriptum
1297 1855 1352 1894 re·
1415 1863 1419 1868 ·

76 1949 83 1966 ·
147 1921 214 2002 peri
229 1921 260 1980 in
277 1921 344 2012 qod.
359 1922 433 1984 llon.
449 1921 534 1984 letio.
550 1933 578 1980 et
593 1921 711 1980 duobue
727 1920 821 1980 Vntic.
844 1921 961 1984 duobua
976 1923 1056 1982 Petri
1073 1923 1203 1982 Danielis
1219 1933 1251 1982 et
1267 1920 1352 1980 toti·
1421 1969 1422 1986 2

147 2007 215 2066 dem
233 2007 396 2066 Nicotienia
413 2015 442 2066 et
463 2029 523 2068 uno
538 2007 634 2069 Nicot.
653 2006 761 2066 Cleric.
784 2017 814 2066 et
828 2007 947 2066 duobus
960 2009 1168 2082 llueeerdinia,
1194 2005 1227 2066 V
1226 2009 1306 2066 irene
1320 2007 1352 2063 ia
1421 2009 1422 2016 ’

145 2091 256 2155 Aetne.
280 2092 361 2171 quod
385 2093 448 2152 aine
468 2093 561 2154 dubio
585 2099 700 2151 rectum
716 2100 778 2170 eet,
800 2102 835 2152 ut
857 2111 910 2172 per
928 2093 1065 2155 eirenem
1080 2095 1238 2176 flammam
1256 2089 1351 2167 aigei-

146 2175 229 2234 ficeri
245 2179 446 2252 intelligamur
468 2199 550 2252 eam,
573 2196 649 2256 quoe
670 2177 770 2236 velidn
792 2187 821 2236 et
836 2187 981 2257 perpetua
1004 2179 1045 2237 eit
1063 2189 1092 2238 et
1109 2197 1262 2255 nunquam
1278 2176 1348 2234 len·

145 2269 269 2338 gueacet
283 2271 335 2320 aut
348 2261 504 2324 morietur.
528 2260 780 2343 quemadmodum
799 2257 879 2342 apud
896 2263 1058 2322 llomerum
1079 2263 1117 2324 ll.
1133 2259 1162 2324 e'.
1185 2257 1259 2338 pli}
1274 2259 1348 2339 lpo-

145 2340 257 2423 ρᾶνθη.
280 2345 311 2404 id
327 2354 386 2420 eet,
408 2347 526 2410 llemma
542 2349 661 2408 exeruit
682 2367 735 2406 eeu
751 2347 882 2408 meroida
900 2348 979 2406 lacta
994 2355 1041 2406 eet
1055 2368 1112 2427 pro
1128 2345 1276 2406 exetineta
1292 2355 1346 2408 eat.

145 2437 176 2488 et
192 2429 231 2509 ll.¹
243 2423 288 2510 ψ’.
311 2429 353 2510 [v.
368 2431 454 2512 228]
477 2438 571 2512 τῆμος
585 2427 719 2510 πυρκαϊὴ
737 2432 921 2510 ἐμαραίνετο.
942 2431 976 2492 id
994 2441 1056 2504 eet,
1081 2441 1156 2492 tunc
1172 2428 1347 2502 incendium

144 2515 356 2579 marceacebet.
401 2518 465 2591 (Sic
481 2518 561 2596 opud
577 2517 696 2576 Lucret.
713 2515 733 2574 l.
749 2537 770 2575 1.
795 2515 837 2597 [v.
853 2515 942 2596 899.]
966 2515 1068 2577 Donec
1075 2513 1233 2601 fileerent
1247 2517 1348 2596 flone-

144 2601 206 2658 anoi
214 2601 298 2682 flore
312 2600 441 2678 contem)
464 2603 521 2674 [Ex
534 2601 603 2664 edit.
620 2603 708 2680 poet]
743 2601 835 2672 Urene
851 2599 959 2676 eutem,
983 2602 1067 2680 quod
1082 2605 1113 2660 in
1128 2601 1237 2660 ceteris
1250 2601 1345 2658 omni-

143 2683 200 2742 bue
221 2705 371 2746 manuecr.
392 2685 557 2768 reperitur,
588 2685 676 2763 longe
697 2696 742 2745 eat
761 2685 989 2764 ineptissimum.
1039 2687 1102 2764 Ego
1128 2687 1221 2763 igitur
1241 2685 1344 2764 priore

144 2770 426 2846 cententia'deeieto,
448 2757 523 2850 que'e
539 2771 594 2830 suit
612 2769 795 2847 huiuamodi,
820 2769 929 2830 Virene
943 2791 1006 2844 eeee
1017 2771 1193 2830 mendorum
1207 2781 1235 2828 et
1247 2773 1344 2848 legen-

145 2853 218 2912 dum
236 2854 270 2914 V
268 2853 378 2914 idrone.
421 2857 470 2916 Sic
487 2865 585 2916 autem
601 2853 680 2914 hanc
694 2853 870 2916 sententiam
888 2855 1099 2914 confirmabam
1112 2860 1142 2914 in
1159 2857 1261 2935 priore
1275 2855 1343 2914 edi-

146 2945 239 3001 tione.
272 2941 317 3000 Ex
334 2937 394 2998 hoc
414 2943 522 3010 eirena,
546 2941 630 3020 quod
649 2939 725 2999 mihi
747 2941 945 3022 deprevatum
962 2941 1139 3018 videbatur,
1170 2941 1343 3001 coniectura

146 3023 270 3100 ductui,
291 3035 432 3103 tanquam
457 3046 545 3086 mann
567 3025 713 3104 quedem,
736 3025 772 3085 od
790 3045 890 3086 veram
905 3047 941 3086 ec
955 3045 1124 3104 germanum
1141 3025 1187 3099 (ut
1204 3035 1269 3084 tum
1284 3045 1343 3104 pu-

145 3107 260 3188 tebem)
274 3111 446 3184 lectionem,
469 3111 589 3170 uibrnna
599 3113 733 3194 flemene
752 3111 948 3190 reponebam,
970 3121 1061 3190 etque
1082 3111 1124 3170 ite
1143 3110 1342 3190 dieputubam.

148 3193 282 3255 Vidrena
293 3197 420 3286 flopemo
438 3193 571 3278 (opinor)
591 3196 628 3256 eb
645 3195 769 3254 Horatio
783 3197 968 3274 eppellatur,
990 3217 1067 3276 quae
1082 3195 1179 3256 atrioli
1200 3197 1275 3256 ferri
1290 3205 1345 3256 eut

143 3279 266 3340 luminis
286 3281 317 3340 in
331 3301 441 3342 morem
457 3281 596 3362 aplendet
610 3302 646 3340 no
660 3281 758 3355 micat,
780 3281 831 3340 vel
848 3301 925 3360 quee
940 3299 975 3340 ee
985 3281 1097 3341 ettollit
1110 3291 1199 3360 atque
1214 3280 1344 3340 eiecule-

144 3373 194 3425 tur
212 3367 244 3424 in
266 3385 371 3440 aurea,
396 3368 511 3446 qualem
530 3365 675 3427 deacribit
694 3365 852 3424 Lucretiua
869 3367 919 3429 lib.
934 3371 964 3430 6.
991 3366 1032 3448 [v.
1049 3372 1112 3434 680
1126 3364 1205 3444 sqq]
1228 3367 1343 3430 Aetnae

141 3451 289 3512 llommem
307 3461 336 3510 et
351 3451 434 3531 Virg.
451 3453 506 3514 lib.
520 3461 552 3518 8.
565 3451 641 3512 Aen.
658 3453 852 3530 [v.571aqq.]
871 3451 914 3510 sic
929 3453 1053 3530 Lucret„
1069 3449 1158 3511 Nunc
1173 3465 1271 3510 tomen
1284 3449 1342 3511 illu

141 3535 238 3596 modia
256 3535 361 3618 quibua
379 3539 498 3596 irritato
518 3553 630 3618 repente
649 3532 788 3596 Flamma
806 3534 895 3617 forne
915 3537 1005 3596 uuetie
1024 3536 1150 3598 Aetnae·
1161 3534 1342 3618 sornocilue

138 3617 229 3704 efflet,
251 3619 421 3700 Expedium
433 3625 564 3702 primum
579 3623 668 3682 totino
682 3619 811 3682 audoeno
827 3622 934 3680 montio
947 3619 1000 3680 Est
1014 3635 1131 3694 notura,
1140 3621 1212 3704 sere
1222 3619 1339 3682 ellicum

138 3703 266 3788 euffulto
283 3709 416 3766 cauernis
429 3719 485 3765 etc.
509 3707 645 3786 nequitur
665 3727 746 3780 mox,
765 3705 806 3784 [v.
822 3708 885 3772 685
898 3705 978 3784 aqq.]
1004 3705 1117 3768 Ventua
1133 3705 1208 3764 enirn
1211 3707 1267 3786 fit,
1289 3703 1341 3764 olei

138 3805 181 3852 eet
196 3787 339 3871 agitando
357 3793 486 3869 percitua
499 3792 558 3852 o'r'r.
589 3791 652 3852 Hic
669 3789 721 3850 ute·
736 3787 881 3871 percoluit
899 3787 1092 3872 mlesecitpue
1110 3791 1210 3852 omniu
1227 3791 1339 3850 eirenen

59 3864 61 3873 Ι
138 3873 228 3934 Saxa
256 3871 362 3954 furens
391 3897 450 3955 qno
473 3877 617 3956 contingit
639 3891 801 3956 terramque
828 3887 854 3931 et
879 3873 918 3932 ab
946 3872 1016 3933 ollio
1044 3871 1187 3934 Excussit
1205 3872 1338 3934 calidum

20 3997 31 4006 -
113 4018 120 4024 ,
133 3961 266 4040 flammis
279 3957 430 4018 velociter
441 3961 546 4040 ignem
562 3958 656 4021 Tollit
669 3975 700 4018 ee
714 3981 751 4019 oc
768 3959 853 4020 eeotie
869 3959 910 4015 ito
925 3955 1068 4038 saucibus
1082 3959 1160 4017 elicit
1173 3955 1235 4016 alre
1252 3957 1339 4016 Fun-

139 4042 241 4126 ditpue
256 4041 391 4104 ardorem
409 4041 497 4124 longe
517 4041 659 4126 longeque
676 4039 818 4126 sacillum
841 4043 952 4126 Dffert
972 4055 999 4101 et
1021 4065 1124 4102 croceo
1144 4040 1237 4100 uoluit
1260 4041 1338 4103 eoli-

20 4201 21 4204 ,
135 4126 336 4210 ginesumum
354 4127 554 4212 Ertruditque
570 4127 660 4188 eirriul
678 4127 816 4188 mirando
830 4126 1060 4206 pomlereeooeo.
1102 4127 1140 4184 Et
1161 4126 1264 4204 Virgil.
1286 4125 1339 4186 aed

137 4213 284 4294 leomfioie
305 4215 395 4274 loreto
417 4227 502 4273 munt
526 4213 630 4274 Aetna
655 4213 747 4274 ruinis
770 4208 977 4292 Interdumque
993 4225 1089 4270 utrem
1109 4211 1338 4291 prorumpitur}

100 4305 103 4312 ’
137 4297 255 4361 uellem
269 4296 374 4358 nudem
390 4295 520 4358 Turbine
531 4296 697 4378 fumantem
711 4299 794 4376 piceo
810 4309 836 4356 et
853 4291 1134 4378 condentefeuillo.
1155 4294 1337 4378 Attollitpne
1421 4323 1422 4342 α

135 4379 243 4462 globos
260 4383 449 4458 flammarum
473 4397 500 4442 et
514 4379 612 4442 nidero
636 4379 759 4454 lambit,
783 4377 931 4438 Interdum
947 4377 1084 4460 eoopuloa
1108 4378 1267 4464 ouuleuque
1286 4383 1335 4440 ci-

24 4547 28 4562 ,
134 4487 221 4527 ecem
242 4465 461 4556 montiekEripit
475 4481 611 4530 cnutone
626 4463 847 4550 liquefactaque
862 4485 944 4544 augeo
961 4463 1014 4526 ael
1030 4485 1120 4529 eum
1138 4461 1210 4528 Cum
1224 4467 1336 4548 gemitu
