2900 5050
171 377 214 442 ss
305 397 308 404 ·
545 317 1000 424 ao'nsrn'csnutns

170 537 365 642 interpretari
389 537 467 600 iram
490 551 552 596 non
574 549 691 596 reram:
720 547 801 610 quae
823 517 952 607 'aliquid
968 509 1243 622 gratiarlinquit)
1266 511 1376 574 habu*

172 635 495 780 001111ἕδηῑδιιιιιιιοιιι
516 697 661 780 ssrrcr]
688 696 825 760 lubricus
839 691 881 756 ed
898 687 1115 774 aspiciendam.
1138 697 1232 766 quesn
1252 682 1380 746 diffieile

173 797 265 858 sitite
279 803 452 856 constanter
465 803 496 852 et
510 787 697 849 continenter
710 783 859 864 aspicere,
881 789 916 840 ut
939 777 1085 856 Glycerae
1103 772 1297 852 complexum
1314 787 1381 828 non

174 880 312 964 expetas,
334 881 387 960 qni
403 876 595 960 aspicientem
614 868 780 953 peroellere
788 867 882 926 solet.
903 873 936 924 et
957 858 1113 923 translatio
1126 857 1221 918 ducta
1234 864 1279 916 est
1295 854 1382 914 aris

173 967 307 1042 lubrica,
328 967 360 1024 in
376 984 435 1043 qua
447 962 582 1022 insistere
599 966 652 1017 aut
673 951 790 1033 ingredi
811 951 875 1012 sine
895 967 968 1010 casu
988 947 1089 1026 aliquo
1112 943 1162 1004 vel
1184 939 1382 1022 prolapsione

68 1041 71 1048 ’
174 1071 262 1130 aegre
284 1051 441 1130 qaisquam
457 1055 568 1126 potest.
590 1040 723 1103 Nonnuli
735 1043 795 1100 sic:
819 1037 904 1094 cuius
918 1031 1110 1114 splendorem
1120 1029 1208 1113 xoculi
1221 1027 1301 1086 ferre
1317 1041 1383 1082 non

136 1130 139 1144 ⁹
173 1145 327 1220 possuntz·
343 1132 425 1214 quod
443 1151 506 1192 non
517 1127 672 1210 displicet.
696 1123 748 1184 alii
769 1121 888 1183 vultum
916 1117 1009 1198 aspici
1036 1114 1202 1188 lubricum,
1231 1107 1383 1192 politissi-

172 1241 271 1296 mum,
293 1217 504 1280 nitidissimum
527 1223 557 1276 et
579 1209 817 1294 pulcherrimum
840 1207 1084 1284 interpretantur.
1112 1195 1189 1258 nihil
1211 1205 1383 1277 praeterea.

174 1302 472 1367 animadvertendum
486 1305 585 1362 sutem
600 1297 662 1356 hoo
674 1291 819 1376 loquendi
832 1309 924 1370 genus
939 1287 1076 1348 lubricae
1089 1285 1197 1363 aspici,
1219 1303 1237 1340 a
1247 1281 1385 1340 Graeco·

175 1411 245 1454 rum
265 1387 482 1450 consuetudine
496 1387 631 1446 ductum.
654 1381 692 1442 de
707 1399 767 1459 qno
789 1376 828 1436 sd
847 1375 906 1436 od.
918 1393 988 1436 ιιιι.
1011 1369 1064 1432 lib.
1081 1373 1111 1435 4·
1131 1367 1275 1440 dicemus.

74 1515 78 1522 ,
135 1516 137 1522 ι
261 1477 311 1542 10.
334 1473 497 1534 Crenaee
523 1463 732 1544 nnsaanrr]
763 1463 914 1541 Cyprum,
947 1457 1002 1518 ubi
1025 1451 1247 1532 religiosissime
1268 1447 1413 1508 colitur!

176 1569 207 1622 st
230 1561 317 1631 cuius
339 1567 383 1618 est
406 1575 545 1638 praeses,
576 1562 677 1612 custos
698 1559 729 1610 et
747 1547 885 1618 domine,
906 1551 943 1602 ιιι
964 1561 1055 1620 supra
1076 1537 1134 1598 Od.
1155 1557 1204 1596 ιιι.
1226 1535 1295 1594 Ηοο
1310 1534 1387 1606 loco

103 1697 110 1704 .
176 1655 277 1704 sutem
297 1643 463 1704 studiosum
481 1639 699 1698 adolescentem
715 1631 875 1692 admonere
890 1627 961 1686 volo
979 1625 1017 1686 de
1037 1645 1087 1700 eo,
1110 1621 1195 1703 quod
1213 1619 1310 1681 tradit
1331 1620 1387 1677 in-

175 1737 294 1799 uepres
318 1725 443 1784 Homeri
467 1719 557 1786 ἰλιᾶδ.
575 1715 624 1796 e'·,
654 1737 709 1778 cur
737 1715 839 1776 Venus
863 1709 972 1792 Cyprio
1003 1707 1137 1785 dicatur,
1163 1703 1387 1766 recentioribus

175 1801 348 1862 hominibus
363 1819 424 1860 non
445 1809 639 1864 essenorum.
673 1801 727 1862 Ais
750 1798 829 1859 enim
854 1797 906 1856 illa
924 1795 1039 1876 Cypria
1060 1793 1172 1852 dictem
1193 1791 1229 1850 ab
1252 1789 1388 1849 Homero

178 1886 265 1966 qussi
286 1879 449 1964 κυὸττορνν,
473 1891 634 1964 propterea
658 1883 741 1958 quod
761 1883 824 1940 sine
839 1879 975 1956 Venere,
997 1879 1109 1952 idest,
1135 1877 1198 1936 sine
1218 1873 1389 1934 concubitu

178 1977 209 2028 et
221 1967 382 2045 complexu
394 1987 524 2028 venereo
538 1965 680 2026 mulieres
695 1965 836 2042 gravidae
856 1983 916 2022 non
931 1963 1012 2022 llant.
1054 1961 1179 2022 induxit
1198 1971 1298 2021 entem
1320 1954 1388 2038 (in-

179 2052 246 2132 quit
269 2048 334 2134 illa)
357 2060 389 2112 et
409 2051 528 2134 decepit
542 2047 707 2114 Hesiodum
728 2057 904 2126 ceterosque
924 2054 1032 2126 ,poetes
1051 2037 1181 2106 Homero
1203 2041 1388 2124 posteriores

120 2193 122 2198 .
177 2135 211 2196 id
219 2179 230 2210 ,
255 2135 337 2216 quod
353 2137 395 2196 eit
410 2135 558 2198 Homerus
574 2129 664 2198 llsoid.
678 2129 718 2194 δ’.
734 2131 804 2212 [Od.
817 2127 859 2208 θ’,
875 2128 959 2212 362.]
982 2130 1005 2212 ἦ
1020 2124 1051 2192 δ’
1073 2125 1134 2212 ἄρα
1148 2124 1278 2210 Κύπρον
1298 2129 1389 2191 ἵκανε

178 2218 379 2302 φιλομμειδης
393 2215 564 2304 Ἀφροδίτη.
587 2217 706 2282 axillis
727 2217 826 2277 verbis
847 2217 923 2276 enim
942 2217 1168 2294 existimarunt,
1191 2213 1336 2274 Venerem
1353 2213 1388 2272 in

179 2305 282 2385 Cypro
296 2326 361 2368 esse
374 2316 491 2368 naum:
512 2303 564 2366 sed
582 2327 617 2366 eo
635 2295 760 2386 (inquit)
784 2301 922 2384 prolecta
944 2311 1004 2378 eat,
1026 2301 1095 2380 quia
1115 2299 1158 2360 ibi
1180 2300 1300 2360 colitur.
1322 2319 1387 2358 non
1439 2337 1440 2340 =

179 2391 323 2450 contiuuo
347 2400 462 2467 autem,
490 2395 515 2451 si
536 2391 604 2470 quis
625 2390 705 2448 Deus
726 2387 827 2466 aliquo
850 2385 880 2445 in
905 2387 974 2444 loco
995 2385 1124 2462 colitur,
1145 2386 1176 2444 in
1198 2405 1233 2445 eo
1261 2405 1388 2464 quoque

177 2484 344 2536 natusest.
373 2475 415 2536 ita
439 2495 600 2556 numquam
621 2473 658 2534 ab
678 2471 809 2532 Homero
830 2470 1000 2552 Apollinem
1023 2471 1139 2531 Delium
1161 2479 1214 2568 cup
1237 2469 1388 2551 Pythium
1436 2495 1439 2500 ·

175 2580 244 2621 esse
260 2561 462 2642 appellatum,
484 2563 621 2640 quemvis
646 2557 722 2618 sciat
735 2557 900 2632 Homerus,
922 2567 1053 2638 utroque
1073 2557 1105 2616 io
1131 2558 1199 2616 loco
1218 2577 1285 2616 enus
1308 2577 1389 2616 aan-

101 2664 104 2673 ·
146 2645 312 2724 ,ctissime
343 2647 416 2722 coli,
447 2647 617 2726 templaque
645 2644 672 2705 ei
696 2641 920 2720 religiosissima
948 2661 1012 2701 esse
1043 2651 1225 2702 consecrate.
1276 2641 1388 2701 Omnia

180 2739 279 2790 autem
298 2729 361 2790 lero
378 2729 503 2791 deorum
519 2727 650 2810 epitheta
671 2727 750 2806 apud
764 2725 884 2786 Homer.
903 2727 953 2788 vel
973 2726 1009 2785 ab
1030 2728 1119 2786 animi
1135 2721 1312 2804 effectibus,
1334 2727 1388 2786 vel

179 2813 423 2892 abortionibus,
443 2815 494 2874 vel
514 2815 550 2872 ab
574 2815 629 2892 iis,
657 2833 733 2892 quoe
754 2811 793 2870 ad
820 2829 930 2892 corpus
955 2813 1123 2892 pertinent,
1145 2813 1277 2872 deducta
1301 2823 1386 2888 aunt,

179 2908 216 2958 ut
227 2892 379 2962 Ἀπόλλων
403 2898 612 2980 ἓκοτηβεδέτης
634 2908 665 2958 et
683 2890 829 3001 ἑκηβόλος
847 2905 878 2956 et
898 2891 1046 2980 ἑκάεργος.
1054 2903 1238 3002 Ρρδοιυκιδιιις
1256 2893 1387 2979 Ἀθήνη.

179 2977 365 3058 λευκώλενος
378 2977 468 3066 Ἥρη.
491 2977 711 3064 ῥοδοδάκτυλος
733 2976 815 3055 Huic.
837 2977 1043 3064 λεοκόοφυρος
1066 2987 1145 3064 Ηβη.
1166 2983 1388 3066 νεφεληγερέτα

180 3062 269 3140 Ζεύς.
289 3064 385 3150 ’Ἄρης
399 3063 600 3151 βροιδλοιγος.
630 3063 787 3130 Ποσειδιδν
801 3067 968 3147 ἐνοοίγαιος
992 3077 1023 3126 et
1043 3071 1249 3150 κυανοχαίτης.
1271 3067 1304 3128 id
1327 3079 1386 3145 est,

147 3153 150 3164 '
180 3151 289 3234 Apollo
301 3153 448 3215 iaculator
462 3163 492 3213 et
507 3153 594 3232 longe
607 3151 718 3212 iaciens
738 3161 767 3211 et
789 3151 898 3230 procul
919 3174 934 3210 a
953 3172 984 3212 se
1004 3173 1117 3214 arcena.
1144 3153 1242 3212 Pallas
1266 3153 1387 3233 glaucis

110 3239 113 3248 '
180 3236 294 3314 oculis,
325 3259 380 3300 seu
400 3238 544 3298 horribili
567 3248 699 3318 aspectu.
735 3236 811 3296 Iuno
836 3236 972 3296 candidis
1002 3237 1090 3298 ulnis.
1141 3240 1259 3298 Aurora
1287 3240 1387 3300 roseis

181 3321 292 3400 digitis.
327 3321 564 3387 Hebecandidie
586 3323 671 3398 talis,
694 3342 748 3384 seu
766 3321 921 3385 calcaneis.
965 3321 1082 3404 Iupiter
1105 3319 1229 3384 nubium
1252 3345 1388 3402 congre-

181 3416 278 3484 gator.
327 3407 406 3468 llere
427 3409 597 3470 mortalium
620 3412 714 3490 pestis
732 3428 769 3468 se
790 3407 949 3492 pernicies.
998 3407 1156 3488 Neptunus
1180 3419 1279 3472 terrae
1301 3415 1387 3471 δοτι-

182 3511 287 3554 cusaor
304 3503 335 3553 et
350 3493 457 3572 glauco
477 3497 614 3556 meraris.
790 3493 792 3502 ’
1194 3564 1195 3572 ¹

268 3583 318 3642 ll.
346 3579 397 3638 Er
429 3600 563 3640 vaasrs
599 3597 809 3642 ιιιιιιοιιιιτ
845 3595 961 3648 reuss
991 3575 1209 3662 Paarnnss]
1249 3579 1385 3642 Parthos

182 3659 337 3742 lugienteis
351 3681 390 3724 ex
407 3665 490 3744 equis
505 3685 639 3745 pugnare
655 3661 794 3722 traditum
812 3671 869 3720 est:
892 3663 937 3723 sio
952 3661 1009 3723 Od.
1031 3683 1099 3727 ιιιιι.
1124 3665 1177 3724 lib.
1197 3671 1228 3732 2.
1253 3665 1295 3746 [r.
1317 3665 1383 3746 17.]

181 3745 271 3804 Miles
285 3749 420 3826 sagittae
441 3761 470 3808 et
492 3751 612 3809 celerem
626 3751 746 3828 fugam
762 3747 892 3806 Parthi:
915 3759 1038 3807 catenae
1054 3751 1193 3810 Partltuc
1215 3762 1242 3810 et
1263 3752 1385 3826 Italum

181 3829 297 3891 Robur.
324 3836 522 3913 repetendum
542 3835 667 3896 verbum
684 3831 887 3913 perhorrescit
911 3827 971 3896 α’τδ
990 3839 1104 3898 κοινοῦ.
1135 3845 1164 3895 et
1187 3837 1312 3916 epistola
1339 3839 1384 3898 ed

181 3915 307 3994 August.
330 3915 382 3978 lib.
406 3911 502 4000 211,
525 3919 612 4002 tle]
639 3921 706 4000 lpse
731 3939 800 3998 ego,
830 3920 886 4000 qui
905 3919 1007 3978 nullos
1027 3942 1073 3978 me
1101 3921 1225 4000 offirmo
1251 3923 1385 3980 scribere

165 3999 311 4082 -δονοιισ,ι
328 4001 468 4064 Iuvenior
487 4007 617 4063 Parthis
638 4001 821 4063 mendacior.
852 4003 890 4062 de
911 4024 970 4082 quo
992 4004 1060 4064 loco
1088 4027 1143 4066 suo
1171 4007 1248 4068 loco.
1290 4007 1381 4084 Virg.

181 4085 288 4164 Georg.
303 4093 333 4153 8.
355 4086 396 4166 [v.
410 4088 473 4170 81.]
502 4085 815 4169 Fidentemquefuga
830 4089 983 4148 Parthum
997 4093 1147 4170 versisque
1161 4094 1297 4171 sagittis.
1328 4093 1384 4150 Ci-

180 4189 252 4232 cero
264 4167 303 4230 ad
317 4171 415 4252 Papir.
430 4175 562 4252 Paetum,
579 4181 632 4252 [¹12
643 4177 705 4250 25]
720 4175 831 4248 iocans,
846 4173 953 4254 Itaque
964 4176 1163 4256 obtemperare
1174 4181 1274 4256 cogito
1281 4197 1384 4257 prae-

123 4291 128 4302 ·
180 4257 273 4336 ceptis
284 4260 359 4316 tuis.
379 4257 437 4317 Ιτοο
455 4261 607 4338 amplius,
631 4259 848 4318 navicularum
867 4259 976 4318 habere
997 4259 1121 4340 aliquid
1142 4263 1176 4320 ira
1198 4284 1254 4321 ora
1279 4267 1384 4322 arari·

179 4343 265 4399 tima.
294 4353 400 4402 contra
420 4347 549 4426 equitem
570 4345 722 4405 Parthum
742 4355 853 4422 negant
876 4345 976 4402 ullam
1001 4359 1195 4405 armaturam
1225 4350 1383 4408 nseliorem

179 4426 310 4484 inveniri
324 4447 423 4506 posse.
473 4429 601 4506 Quidam
623 4431 725 4509 legunt
741 4427 802 4488 lsoo
823 4429 893 4488 loco
916 4431 978 4489 Neo
999 4436 1112 4510 versis,
1136 4453 1226 4512 quarn
1242 4433 1388 4516 scriptu-‚

177 4527 242 4567 ram
258 4515 743 4597 quemvistsusquamrepererim,
765 4534 827 4574 non
842 4515 980 4595 improbo
995 4525 1103 4587 ιιιιιοιι.
1145 4517 1205 4579 Sed
1222 4529 1382 4599 receptam

178 4611 297 4672 sequor.
318 4615 387 4658 nsm
404 4599 554 4683 copulatio
570 4603 612 4662 ru
624 4603 757 4684 pertinet
770 4599 809 4662 ad
825 4619 934 4662 noman
946 4602 1092 4691 Scythae,
1114 4623 1176 4668 non
1196 4605 1236 4667 sd
1248 4605 1383 4668 verbum
