<?xml version="1.0" encoding="UTF-8"?>
<!DOCTYPE html PUBLIC "-//W3C//DTD XHTML 1.0 Transitional//EN"
    "http://www.w3.org/TR/xhtml1/DTD/xhtml1-transitional.dtd">
<html xmlns="http://www.w3.org/1999/xhtml" xml:lang="en" lang="en">
 <head>
  <title>
</title>
<meta http-equiv="Content-Type" content="text/html;charset=utf-8" />
  <meta name='ocr-system' content='tesseract 3.04.00' />
  <meta name='ocr-capabilities' content='ocr_page ocr_carea ocr_par ocr_line ocrx_word'/>
</head>
<body>
  <div class='ocr_page' id='page_1' title='image "./inqhoratiumflac00lambgoog_0454.png"; bbox 0 0 2874 5050; ppageno 0'>
   <div class='ocr_carea' id='block_1_1' title="bbox 324 222 1305 390">
    <p class='ocr_par' dir='ltr' id='par_1_1' title="bbox 324 222 1305 390">
     <span class='ocr_line' id='line_1_1' title="bbox 324 222 1305 390; baseline 0.013 -52"><span class='ocrx_word' id='word_1_1' title='bbox 324 371 330 390; x_wconf 20' lang='grc' dir='ltr'>ἣ</span> <span class='ocrx_word' id='word_1_2' title='bbox 377 237 739 367; x_wconf 58' lang='lat' dir='ltr'><strong>ara1ngo&#39;uxu.</strong></span> <span class='ocrx_word' id='word_1_3' title='bbox 775 227 961 348; x_wconf 51' lang='lat' dir='ltr'><strong>rut-12⁸.</strong></span> <span class='ocrx_word' id='word_1_4' title='bbox 1000 222 1006 233; x_wconf 16' lang='grc' dir='ltr'><strong>Χ</strong></span> <span class='ocrx_word' id='word_1_5' title='bbox 1071 299 1105 358; x_wconf 56' lang='grc' dir='ltr'>κ</span> <span class='ocrx_word' id='word_1_6' title='bbox 1154 313 1155 320; x_wconf 28' lang='lat'>¹</span> <span class='ocrx_word' id='word_1_7' title='bbox 1201 241 1305 351; x_wconf 31' lang='lat' dir='ltr'><strong>aas*</strong></span> 
     </span>
    </p>
   </div>
   <div class='ocr_carea' id='block_1_2' title="bbox 55 439 1268 530">
    <p class='ocr_par' dir='ltr' id='par_1_2' title="bbox 55 439 1268 530">
     <span class='ocr_line' id='line_1_2' title="bbox 55 439 1268 530; baseline 0 -18"><span class='ocrx_word' id='word_1_8' title='bbox 55 449 189 512; x_wconf 61' lang='lat' dir='ltr'><strong>mersen</strong></span> <span class='ocrx_word' id='word_1_9' title='bbox 204 448 352 530; x_wconf 85' lang='lat' dir='ltr'><strong>quendam</strong></span> <span class='ocrx_word' id='word_1_10' title='bbox 368 449 426 512; x_wconf 88' lang='lat' dir='ltr'><strong>sibi·</strong></span> <span class='ocrx_word' id='word_1_11' title='bbox 441 469 591 527; x_wconf 87' lang='lat' dir='ltr'><strong>narrasse,</strong></span> <span class='ocrx_word' id='word_1_12' title='bbox 613 471 683 512; x_wconf 86' lang='lat' dir='ltr'><strong>cum</strong></span> <span class='ocrx_word' id='word_1_13' title='bbox 697 451 749 510; x_wconf 92' lang='lat' dir='ltr'><strong>ille</strong></span> <span class='ocrx_word' id='word_1_14' title='bbox 763 450 793 510; x_wconf 91' lang='lat' dir='ltr'><strong>in</strong></span> <span class='ocrx_word' id='word_1_15' title='bbox 809 451 925 512; x_wconf 90' lang='lat' dir='ltr'><strong>Italiam</strong></span> <span class='ocrx_word' id='word_1_16' title='bbox 944 449 1098 528; x_wconf 77' lang='lat' dir='ltr'><strong>navigaret</strong></span> <span class='ocrx_word' id='word_1_17' title='bbox 1119 460 1149 512; x_wconf 82' lang='lat' dir='ltr'><strong>et</strong></span> <span class='ocrx_word' id='word_1_18' title='bbox 1165 439 1202 512; x_wconf 88' lang='lat' dir='ltr'><strong>ed</strong></span> <span class='ocrx_word' id='word_1_19' title='bbox 1219 451 1268 519; x_wconf 57' lang='lat' dir='ltr'><strong>iar</strong></span> 
     </span>
    </p>
   </div>
   <div class='ocr_carea' id='block_1_3' title="bbox 58 531 1415 616">
    <p class='ocr_par' dir='ltr' id='par_1_3' title="bbox 58 531 1415 616">
     <span class='ocr_line' id='line_1_3' title="bbox 58 531 1415 616; baseline 0.001 -20"><span class='ocrx_word' id='word_1_20' title='bbox 58 537 150 598; x_wconf 77' lang='lat' dir='ltr'><strong>autea</strong></span> <span class='ocrx_word' id='word_1_21' title='bbox 167 535 335 598; x_wconf 75' lang='lat' dir='ltr'><strong>Echinadas</strong></span> <span class='ocrx_word' id='word_1_22' title='bbox 353 531 557 615; x_wconf 81' lang='lat' dir='ltr'><strong>pervenisset,</strong></span> <span class='ocrx_word' id='word_1_23' title='bbox 577 538 697 616; x_wconf 84' lang='lat' dir='ltr'><strong>vesperi</strong></span> <span class='ocrx_word' id='word_1_24' title='bbox 719 538 793 596; x_wconf 90' lang='lat' dir='ltr'><strong>mari</strong></span> <span class='ocrx_word' id='word_1_25' title='bbox 806 537 927 616; x_wconf 85' lang='lat' dir='ltr'><strong>placido</strong></span> <span class='ocrx_word' id='word_1_26' title='bbox 939 545 969 596; x_wconf 88' lang='lat' dir='ltr'><strong>et</strong></span> <span class='ocrx_word' id='word_1_27' title='bbox 984 537 1145 615; x_wconf 77' lang='lat' dir='ltr'><strong>tranquillo</strong></span> <span class='ocrx_word' id='word_1_28' title='bbox 1162 548 1267 596; x_wconf 76' lang='lat' dir='ltr'><strong>vocaus</strong></span> <span class='ocrx_word' id='word_1_29' title='bbox 1293 551 1299 556; x_wconf 90' lang='grc'><em>·</em></span> <span class='ocrx_word' id='word_1_30' title='bbox 1409 587 1415 598; x_wconf 77' lang='lat'>.</span> 
     </span>
    </p>
   </div>
   <div class='ocr_carea' id='block_1_4' title="bbox 58 618 1310 954">
    <p class='ocr_par' dir='ltr' id='par_1_4' title="bbox 58 618 1310 954">
     <span class='ocr_line' id='line_1_4' title="bbox 61 618 1268 702; baseline 0.001 -20"><span class='ocrx_word' id='word_1_31' title='bbox 61 642 135 702; x_wconf 75' lang='lat' dir='ltr'><strong>esse</strong></span> <span class='ocrx_word' id='word_1_32' title='bbox 153 621 284 682; x_wconf 83' lang='lat' dir='ltr'><strong>auditam</strong></span> <span class='ocrx_word' id='word_1_33' title='bbox 304 618 475 696; x_wconf 84' lang='lat' dir='ltr'><strong>cuiusdam,</strong></span> <span class='ocrx_word' id='word_1_34' title='bbox 496 619 643 682; x_wconf 85' lang='lat' dir='ltr'><strong>Thamum</strong></span> <span class='ocrx_word' id='word_1_35' title='bbox 663 623 852 700; x_wconf 84' lang='lat' dir='ltr'><strong>appellantis.</strong></span> <span class='ocrx_word' id='word_1_36' title='bbox 896 623 968 680; x_wconf 86' lang='lat' dir='ltr'><strong>Erat</strong></span> <span class='ocrx_word' id='word_1_37' title='bbox 983 631 1081 680; x_wconf 89' lang='lat' dir='ltr'><strong>autem</strong></span> <span class='ocrx_word' id='word_1_38' title='bbox 1096 624 1121 681; x_wconf 91' lang='lat' dir='ltr'><strong>is</strong></span> <span class='ocrx_word' id='word_1_39' title='bbox 1137 620 1268 683; x_wconf 78' lang='lat' dir='ltr'><strong>Thamna</strong></span> 
     </span>
     <span class='ocr_line' id='line_1_5' title="bbox 58 706 1310 787; baseline 0 -21"><span class='ocrx_word' id='word_1_40' title='bbox 58 707 251 784; x_wconf 85' lang='lat' dir='ltr'><strong>gubernator</strong></span> <span class='ocrx_word' id='word_1_41' title='bbox 264 707 349 766; x_wconf 87' lang='lat' dir='ltr'><strong>navis</strong></span> <span class='ocrx_word' id='word_1_42' title='bbox 364 707 541 787; x_wconf 70' lang='lat' dir='ltr'><strong>Aegyptius,</strong></span> <span class='ocrx_word' id='word_1_43' title='bbox 554 728 614 786; x_wconf 74' lang='lat' dir='ltr'><strong>non</strong></span> <span class='ocrx_word' id='word_1_44' title='bbox 635 707 771 766; x_wconf 89' lang='lat' dir='ltr'><strong>omnibus</strong></span> <span class='ocrx_word' id='word_1_45' title='bbox 790 707 962 768; x_wconf 72' lang='lat' dir='ltr'>vectoribus</span> <span class='ocrx_word' id='word_1_46' title='bbox 981 717 1079 766; x_wconf 87' lang='lat' dir='ltr'><strong>notus.</strong></span> <span class='ocrx_word' id='word_1_47' title='bbox 1124 706 1269 782; x_wconf 89' lang='lat' dir='ltr'><strong>Quicum</strong></span> <span class='ocrx_word' id='word_1_48' title='bbox 1305 709 1310 718; x_wconf 88' lang='grc'><strong><em>’</em></strong></span> 
     </span>
     <span class='ocr_line' id='line_1_6' title="bbox 58 791 1269 872; baseline 0 -20"><span class='ocrx_word' id='word_1_49' title='bbox 58 792 113 852; x_wconf 88' lang='lat' dir='ltr'><strong>bis</strong></span> <span class='ocrx_word' id='word_1_50' title='bbox 137 793 307 872; x_wconf 87' lang='lat' dir='ltr'><strong>appellatus</strong></span> <span class='ocrx_word' id='word_1_51' title='bbox 332 791 475 858; x_wconf 75' lang='lat' dir='ltr'><strong>tacuisset</strong></span> <span class='ocrx_word' id='word_1_52' title='bbox 494 802 585 872; x_wconf 90' lang='lat' dir='ltr'><strong>atque</strong></span> <span class='ocrx_word' id='word_1_53' title='bbox 608 793 646 852; x_wconf 85' lang='lat' dir='ltr'><strong>ad</strong></span> <span class='ocrx_word' id='word_1_54' title='bbox 667 794 788 852; x_wconf 82' lang='lat' dir='ltr'><strong>tertiam·</strong></span> <span class='ocrx_word' id='word_1_55' title='bbox 807 793 1036 872; x_wconf 76' lang='lat' dir='ltr'><strong>appellationem</strong></span> <span class='ocrx_word' id='word_1_56' title='bbox 1056 792 1269 871; x_wconf 77' lang='lat' dir='ltr'><strong>respondisset,</strong></span> 
     </span>
     <span class='ocr_line' id='line_1_7' title="bbox 60 874 1269 954; baseline -0.002 -18"><span class='ocrx_word' id='word_1_57' title='bbox 60 897 155 952; x_wconf 89' lang='lat' dir='ltr'><strong>eum,</strong></span> <span class='ocrx_word' id='word_1_58' title='bbox 180 877 273 948; x_wconf 65' lang='lat' dir='ltr'><strong>cuius</strong></span> <span class='ocrx_word' id='word_1_59' title='bbox 287 888 352 938; x_wconf 88' lang='lat' dir='ltr'><strong>erat</strong></span> <span class='ocrx_word' id='word_1_60' title='bbox 374 874 426 937; x_wconf 87' lang='lat' dir='ltr'><strong>illa</strong></span> <span class='ocrx_word' id='word_1_61' title='bbox 441 897 521 954; x_wconf 78' lang='lat' dir='ltr'><strong>vox,</strong></span> <span class='ocrx_word' id='word_1_62' title='bbox 543 899 657 940; x_wconf 83' lang='lat' dir='ltr'><strong>summa</strong></span> <span class='ocrx_word' id='word_1_63' title='bbox 676 880 761 938; x_wconf 89' lang='lat' dir='ltr'><strong>vocis</strong></span> <span class='ocrx_word' id='word_1_64' title='bbox 773 877 963 938; x_wconf 76' lang='lat' dir='ltr'>contentione</span> <span class='ocrx_word' id='word_1_65' title='bbox 976 878 1018 936; x_wconf 92' lang='lat' dir='ltr'><strong>ita</strong></span> <span class='ocrx_word' id='word_1_66' title='bbox 1039 877 1172 938; x_wconf 84' lang='lat' dir='ltr'><strong>locutum</strong></span> <span class='ocrx_word' id='word_1_67' title='bbox 1189 881 1269 936; x_wconf 79' lang='lat' dir='ltr'><strong>esis:</strong></span> 
     </span>
    </p>
   </div>
   <div class='ocr_carea' id='block_1_5' title="bbox 59 961 1384 1130">
    <p class='ocr_par' dir='ltr' id='par_1_5' title="bbox 59 961 1384 1130">
     <span class='ocr_line' id='line_1_8' title="bbox 60 961 1379 1048; baseline 0.005 -29"><span class='ocrx_word' id='word_1_68' title='bbox 60 961 125 1020; x_wconf 89' lang='lat' dir='ltr'><strong>Ubi</strong></span> <span class='ocrx_word' id='word_1_69' title='bbox 142 961 181 1024; x_wconf 87' lang='lat' dir='ltr'><strong>ad</strong></span> <span class='ocrx_word' id='word_1_70' title='bbox 197 963 322 1026; x_wconf 80' lang='lat' dir='ltr'><strong>Palodes</strong></span> <span class='ocrx_word' id='word_1_71' title='bbox 336 963 453 1024; x_wconf 83' lang='lat' dir='ltr'><strong>delatus</strong></span> <span class='ocrx_word' id='word_1_72' title='bbox 468 964 576 1048; x_wconf 77' lang='lat' dir='ltr'><strong>fueris,</strong></span> <span class='ocrx_word' id='word_1_73' title='bbox 598 963 746 1042; x_wconf 84' lang='lat' dir='ltr'><strong>nuntiato,</strong></span> <span class='ocrx_word' id='word_1_74' title='bbox 768 965 846 1023; x_wconf 86' lang='lat' dir='ltr'><strong>Pana</strong></span> <span class='ocrx_word' id='word_1_75' title='bbox 862 982 1000 1041; x_wconf 80' lang='lat' dir='ltr'><strong>magnum</strong></span> <span class='ocrx_word' id='word_1_76' title='bbox 1018 963 1095 1022; x_wconf 86' lang='lat' dir='ltr'><strong>diem</strong></span> <span class='ocrx_word' id='word_1_77' title='bbox 1110 981 1196 1022; x_wconf 85' lang='lat' dir='ltr'><strong>auum</strong></span> <span class='ocrx_word' id='word_1_78' title='bbox 1213 961 1270 1024; x_wconf 89' lang='lat' dir='ltr'><strong>ob-</strong></span> <span class='ocrx_word' id='word_1_79' title='bbox 1377 1016 1379 1026; x_wconf 52' lang='lat'><strong>,</strong></span> 
     </span>
     <span class='ocr_line' id='line_1_9' title="bbox 59 1044 1384 1130; baseline 0.002 -24"><span class='ocrx_word' id='word_1_80' title='bbox 59 1046 148 1110; x_wconf 88' lang='lat' dir='ltr'><strong>iisse.</strong></span> <span class='ocrx_word' id='word_1_81' title='bbox 171 1067 230 1126; x_wconf 90' lang='lat' dir='ltr'><strong>qua</strong></span> <span class='ocrx_word' id='word_1_82' title='bbox 254 1069 330 1110; x_wconf 85' lang='lat' dir='ltr'><strong>voce</strong></span> <span class='ocrx_word' id='word_1_83' title='bbox 349 1049 451 1114; x_wconf 84' lang='lat' dir='ltr'><strong>auditu</strong></span> <span class='ocrx_word' id='word_1_84' title='bbox 466 1045 596 1130; x_wconf 85' lang='lat' dir='ltr'><strong>primum</strong></span> <span class='ocrx_word' id='word_1_85' title='bbox 618 1044 738 1124; x_wconf 74' lang='lat' dir='ltr'><strong>omues,</strong></span> <span class='ocrx_word' id='word_1_86' title='bbox 760 1049 813 1129; x_wconf 88' lang='lat' dir='ltr'><strong>qui</strong></span> <span class='ocrx_word' id='word_1_87' title='bbox 835 1050 867 1108; x_wconf 90' lang='lat' dir='ltr'><strong>in</strong></span> <span class='ocrx_word' id='word_1_88' title='bbox 884 1048 953 1108; x_wconf 84' lang='lat' dir='ltr'><strong>navi</strong></span> <span class='ocrx_word' id='word_1_89' title='bbox 971 1058 1071 1122; x_wconf 86' lang='lat' dir='ltr'><strong>erant,</strong></span> <span class='ocrx_word' id='word_1_90' title='bbox 1095 1056 1175 1108; x_wconf 85' lang='lat' dir='ltr'><strong>matta</strong></span> <span class='ocrx_word' id='word_1_91' title='bbox 1193 1068 1271 1127; x_wconf 89' lang='lat' dir='ltr'><strong>per·-</strong></span> <span class='ocrx_word' id='word_1_92' title='bbox 1383 1102 1384 1108; x_wconf 74' lang='grc'>,</span> 
     </span>
    </p>
   </div>
   <div class='ocr_carea' id='block_1_6' title="bbox 60 1129 1305 1390">
    <p class='ocr_par' dir='ltr' id='par_1_6' title="bbox 60 1129 1305 1390">
     <span class='ocr_line' id='line_1_10' title="bbox 60 1129 1305 1215; baseline 0.001 -24"><span class='ocrx_word' id='word_1_93' title='bbox 60 1134 290 1210; x_wconf 83' lang='lat' dir='ltr'><strong>territoaesse,</strong></span> <span class='ocrx_word' id='word_1_94' title='bbox 313 1133 421 1196; x_wconf 88' lang='lat' dir='ltr'><strong>deinde</strong></span> <span class='ocrx_word' id='word_1_95' title='bbox 438 1135 639 1212; x_wconf 88' lang='lat' dir='ltr'><strong>consultasse,</strong></span> <span class='ocrx_word' id='word_1_96' title='bbox 661 1145 760 1196; x_wconf 87' lang='lat' dir='ltr'><strong>utrum</strong></span> <span class='ocrx_word' id='word_1_97' title='bbox 775 1143 955 1215; x_wconf 74' lang='lat' dir='ltr'><strong>praestaret,</strong></span> <span class='ocrx_word' id='word_1_98' title='bbox 979 1133 1044 1194; x_wconf 87' lang='lat' dir='ltr'><strong>eiua</strong></span> <span class='ocrx_word' id='word_1_99' title='bbox 1059 1135 1128 1192; x_wconf 75' lang='lat' dir='ltr'><strong>roei</strong></span> <span class='ocrx_word' id='word_1_100' title='bbox 1151 1133 1271 1192; x_wconf 90' lang='lat' dir='ltr'><strong>obtem·</strong></span> <span class='ocrx_word' id='word_1_101' title='bbox 1303 1129 1305 1134; x_wconf 72' lang='grc'>’</span> 
     </span>
     <span class='ocr_line' id='line_1_11' title="bbox 61 1219 1271 1300; baseline 0 -22"><span class='ocrx_word' id='word_1_102' title='bbox 61 1238 194 1298; x_wconf 81' lang='lat' dir='ltr'><strong>perere,</strong></span> <span class='ocrx_word' id='word_1_103' title='bbox 217 1241 255 1278; x_wconf 92' lang='lat' dir='ltr'><strong>an</strong></span> <span class='ocrx_word' id='word_1_104' title='bbox 274 1229 366 1280; x_wconf 86' lang='lat' dir='ltr'><strong>totam</strong></span> <span class='ocrx_word' id='word_1_105' title='bbox 387 1242 450 1282; x_wconf 87' lang='lat' dir='ltr'><strong>rem</strong></span> <span class='ocrx_word' id='word_1_106' title='bbox 465 1222 636 1300; x_wconf 82' lang='lat' dir='ltr'><strong>negligere:</strong></span> <span class='ocrx_word' id='word_1_107' title='bbox 657 1243 690 1280; x_wconf 89' lang='lat' dir='ltr'><strong>re</strong></span> <span class='ocrx_word' id='word_1_108' title='bbox 703 1222 781 1280; x_wconf 88' lang='lat' dir='ltr'><strong>inter</strong></span> <span class='ocrx_word' id='word_1_109' title='bbox 796 1241 846 1280; x_wconf 88' lang='lat' dir='ltr'><strong>eos</strong></span> <span class='ocrx_word' id='word_1_110' title='bbox 862 1219 1079 1280; x_wconf 87' lang='lat' dir='ltr'><strong>communicata</strong></span> <span class='ocrx_word' id='word_1_111' title='bbox 1096 1229 1127 1278; x_wconf 87' lang='lat' dir='ltr'><strong>et</strong></span> <span class='ocrx_word' id='word_1_112' title='bbox 1144 1219 1271 1279; x_wconf 86' lang='lat' dir='ltr'><strong>eonsul-</strong></span> 
     </span>
     <span class='ocr_line' id='line_1_12' title="bbox 63 1303 1272 1390; baseline 0 -28"><span class='ocrx_word' id='word_1_113' title='bbox 63 1304 162 1366; x_wconf 87' lang='lat' dir='ltr'><strong>tando</strong></span> <span class='ocrx_word' id='word_1_114' title='bbox 178 1305 304 1383; x_wconf 84' lang='lat' dir='ltr'><strong>agitata,</strong></span> <span class='ocrx_word' id='word_1_115' title='bbox 320 1305 365 1366; x_wconf 88' lang='lat' dir='ltr'><strong>ad</strong></span> <span class='ocrx_word' id='word_1_116' title='bbox 382 1317 548 1368; x_wconf 83' lang='lat' dir='ltr'><strong>extremum</strong></span> <span class='ocrx_word' id='word_1_117' title='bbox 564 1307 727 1390; x_wconf 75' lang='lat' dir='ltr'><strong>placuisse,</strong></span> <span class='ocrx_word' id='word_1_118' title='bbox 751 1317 785 1365; x_wconf 90' lang='lat' dir='ltr'><strong>ut</strong></span> <span class='ocrx_word' id='word_1_119' title='bbox 799 1305 946 1375; x_wconf 85' lang='lat' dir='ltr'><strong>Thamna,</strong></span> <span class='ocrx_word' id='word_1_120' title='bbox 973 1303 1169 1382; x_wconf 84' lang='lat' dir='ltr'><strong>quodiusaus</strong></span> <span class='ocrx_word' id='word_1_121' title='bbox 1184 1313 1272 1378; x_wconf 84' lang='lat' dir='ltr'><strong>esset,</strong></span> 
     </span>
    </p>
   </div>
   <div class='ocr_carea' id='block_1_7' title="bbox 64 1387 1395 1470">
    <p class='ocr_par' dir='ltr' id='par_1_7' title="bbox 64 1387 1395 1470">
     <span class='ocr_line' id='line_1_13' title="bbox 64 1387 1395 1470; baseline -0.002 -22"><span class='ocrx_word' id='word_1_122' title='bbox 64 1389 199 1465; x_wconf 83' lang='lat' dir='ltr'><strong>iaceret,</strong></span> <span class='ocrx_word' id='word_1_123' title='bbox 221 1395 349 1452; x_wconf 84' lang='lat' dir='ltr'><strong>maxime</strong></span> <span class='ocrx_word' id='word_1_124' title='bbox 371 1393 395 1451; x_wconf 85' lang='lat' dir='ltr'><strong>si</strong></span> <span class='ocrx_word' id='word_1_125' title='bbox 418 1401 496 1468; x_wconf 86' lang='lat' dir='ltr'><strong>tum,</strong></span> <span class='ocrx_word' id='word_1_126' title='bbox 526 1393 650 1452; x_wconf 86' lang='lat' dir='ltr'><strong>eumad</strong></span> <span class='ocrx_word' id='word_1_127' title='bbox 671 1393 757 1450; x_wconf 89' lang='lat' dir='ltr'><strong>illum</strong></span> <span class='ocrx_word' id='word_1_128' title='bbox 777 1393 877 1450; x_wconf 89' lang='lat' dir='ltr'><strong>locum</strong></span> <span class='ocrx_word' id='word_1_129' title='bbox 899 1389 1121 1469; x_wconf 84' lang='lat' dir='ltr'><strong>pervenissent,</strong></span> <span class='ocrx_word' id='word_1_130' title='bbox 1145 1387 1272 1454; x_wconf 76' lang='lat' dir='ltr'><strong>malacia</strong></span> <span class='ocrx_word' id='word_1_131' title='bbox 1362 1463 1366 1470; x_wconf 33' lang='grc'>1</span> <span class='ocrx_word' id='word_1_132' title='bbox 1393 1390 1395 1406; x_wconf 86' lang='lat'>&#39;</span> 
     </span>
    </p>
   </div>
   <div class='ocr_carea' id='block_1_8' title="bbox 66 1471 1273 1558">
    <p class='ocr_par' dir='ltr' id='par_1_8' title="bbox 66 1471 1273 1558">
     <span class='ocr_line' id='line_1_14' title="bbox 66 1471 1273 1558; baseline -0.001 -24"><span class='ocrx_word' id='word_1_133' title='bbox 66 1485 158 1534; x_wconf 86' lang='lat' dir='ltr'><strong>esset.</strong></span> <span class='ocrx_word' id='word_1_134' title='bbox 179 1479 280 1554; x_wconf 88' lang='lat' dir='ltr'><strong>itaqua</strong></span> <span class='ocrx_word' id='word_1_135' title='bbox 304 1477 375 1537; x_wconf 83' lang='lat' dir='ltr'><strong>iecit</strong></span> <span class='ocrx_word' id='word_1_136' title='bbox 394 1489 425 1538; x_wconf 90' lang='lat' dir='ltr'><strong>et</strong></span> <span class='ocrx_word' id='word_1_137' title='bbox 440 1499 529 1556; x_wconf 75' lang='lat' dir='ltr'><strong>quem</strong></span> <span class='ocrx_word' id='word_1_138' title='bbox 548 1471 711 1538; x_wconf 83' lang='lat' dir='ltr'><strong>clarissima</strong></span> <span class='ocrx_word' id='word_1_139' title='bbox 724 1497 809 1536; x_wconf 64' lang='lat' dir='ltr'><strong>¹voce</strong></span> <span class='ocrx_word' id='word_1_140' title='bbox 825 1480 941 1558; x_wconf 84' lang='lat' dir='ltr'><strong>potuit,</strong></span> <span class='ocrx_word' id='word_1_141' title='bbox 964 1475 1178 1554; x_wconf 76' lang='lat' dir='ltr'><strong>proclamavit,</strong></span> <span class='ocrx_word' id='word_1_142' title='bbox 1202 1493 1273 1532; x_wconf 83' lang='lat' dir='ltr'><strong>ma·-</strong></span> 
     </span>
    </p>
   </div>
   <div class='ocr_carea' id='block_1_9' title="bbox 65 1533 1424 1642">
    <p class='ocr_par' dir='ltr' id='par_1_9' title="bbox 65 1533 1424 1642">
     <span class='ocr_line' id='line_1_15' title="bbox 65 1533 1424 1642; baseline -0.002 -22"><span class='ocrx_word' id='word_1_143' title='bbox 65 1578 163 1637; x_wconf 88' lang='lat' dir='ltr'><strong>guum</strong></span> <span class='ocrx_word' id='word_1_144' title='bbox 178 1559 258 1622; x_wconf 88' lang='lat' dir='ltr'><strong>Pana</strong></span> <span class='ocrx_word' id='word_1_145' title='bbox 273 1563 390 1622; x_wconf 87' lang='lat' dir='ltr'><strong>obiisse.</strong></span> <span class='ocrx_word' id='word_1_146' title='bbox 435 1563 567 1622; x_wconf 84' lang='lat' dir='ltr'><strong>Vixdum</strong></span> <span class='ocrx_word' id='word_1_147' title='bbox 584 1563 731 1642; x_wconf 79' lang='lat' dir='ltr'><strong>clamandi</strong></span> <span class='ocrx_word' id='word_1_148' title='bbox 747 1562 836 1622; x_wconf 87' lang='lat' dir='ltr'><strong>linem</strong></span> <span class='ocrx_word' id='word_1_149' title='bbox 857 1564 989 1634; x_wconf 84' lang='lat' dir='ltr'><strong>iecerat,</strong></span> <span class='ocrx_word' id='word_1_150' title='bbox 1015 1579 1089 1619; x_wconf 90' lang='lat' dir='ltr'><strong>cum·</strong></span> <span class='ocrx_word' id='word_1_151' title='bbox 1103 1560 1206 1635; x_wconf 81' lang='lat' dir='ltr'><strong>ingens</strong></span> <span class='ocrx_word' id='word_1_152' title='bbox 1219 1559 1272 1618; x_wconf 82' lang='lat' dir='ltr'><strong>fe·</strong></span> <span class='ocrx_word' id='word_1_153' title='bbox 1383 1557 1386 1572; x_wconf 77' lang='lat'><strong><em>⁴</em></strong></span> <span class='ocrx_word' id='word_1_154' title='bbox 1417 1533 1424 1546; x_wconf 45' lang='lat'>⁵</span> 
     </span>
    </p>
   </div>
   <div class='ocr_carea' id='block_1_10' title="bbox 66 1639 1346 2568">
    <p class='ocr_par' dir='ltr' id='par_1_10' title="bbox 66 1639 1346 2568">
     <span class='ocr_line' id='line_1_16' title="bbox 67 1639 1275 1728; baseline 0 -26"><span class='ocrx_word' id='word_1_155' title='bbox 67 1655 205 1708; x_wconf 76' lang='lat' dir='ltr'><strong>ctus.est</strong></span> <span class='ocrx_word' id='word_1_156' title='bbox 231 1667 291 1706; x_wconf 90' lang='lat' dir='ltr'><strong>non</strong></span> <span class='ocrx_word' id='word_1_157' title='bbox 312 1649 421 1724; x_wconf 90' lang='lat' dir='ltr'><strong>unius,</strong></span> <span class='ocrx_word' id='word_1_158' title='bbox 444 1648 497 1708; x_wconf 85' lang='lat' dir='ltr'><strong>sed</strong></span> <span class='ocrx_word' id='word_1_159' title='bbox 526 1643 622 1708; x_wconf 74' lang='lat' dir='ltr'><strong>haluti</strong></span> <span class='ocrx_word' id='word_1_160' title='bbox 653 1647 853 1728; x_wconf 86' lang='lat' dir='ltr'><strong>complurium</strong></span> <span class='ocrx_word' id='word_1_161' title='bbox 875 1645 1028 1706; x_wconf 87' lang='lat' dir='ltr'><strong>hominnm</strong></span> <span class='ocrx_word' id='word_1_162' title='bbox 1052 1645 1185 1724; x_wconf 78' lang='lat' dir='ltr'><strong>gemitus.</strong></span> <span class='ocrx_word' id='word_1_163' title='bbox 1235 1639 1275 1704; x_wconf 91' lang='lat' dir='ltr'><strong>Id</strong></span> 
     </span>
     <span class='ocr_line' id='line_1_17' title="bbox 67 1728 1272 1812; baseline -0.002 -23"><span class='ocrx_word' id='word_1_164' title='bbox 67 1751 140 1790; x_wconf 87' lang='lat' dir='ltr'><strong>cum</strong></span> <span class='ocrx_word' id='word_1_165' title='bbox 157 1733 282 1791; x_wconf 86' lang='lat' dir='ltr'><strong>Romam</strong></span> <span class='ocrx_word' id='word_1_166' title='bbox 299 1735 447 1812; x_wconf 83' lang='lat' dir='ltr'><strong>perlatum</strong></span> <span class='ocrx_word' id='word_1_167' title='bbox 465 1743 559 1810; x_wconf 78' lang='lat' dir='ltr'><strong>esset,</strong></span> <span class='ocrx_word' id='word_1_168' title='bbox 586 1735 754 1808; x_wconf 83' lang='lat' dir='ltr'><strong>Tiberium,</strong></span> <span class='ocrx_word' id='word_1_169' title='bbox 778 1733 907 1812; x_wconf 82' lang='lat' dir='ltr'><strong>quitum</strong></span> <span class='ocrx_word' id='word_1_170' title='bbox 930 1732 1087 1810; x_wconf 88' lang='lat' dir='ltr'><strong>imperium</strong></span> <span class='ocrx_word' id='word_1_171' title='bbox 1109 1728 1272 1803; x_wconf 75' lang='lat' dir='ltr'><strong>obtinebat,</strong></span> 
     </span>
     <span class='ocr_line' id='line_1_18' title="bbox 66 1815 1273 1896; baseline 0.001 -23"><span class='ocrx_word' id='word_1_172' title='bbox 66 1816 111 1874; x_wconf 89' lang='lat' dir='ltr'><strong>ita</strong></span> <span class='ocrx_word' id='word_1_173' title='bbox 130 1819 156 1874; x_wconf 88' lang='lat' dir='ltr'><strong>ei</strong></span> <span class='ocrx_word' id='word_1_174' title='bbox 171 1819 277 1877; x_wconf 85' lang='lat' dir='ltr'><strong>nuntio</strong></span> <span class='ocrx_word' id='word_1_175' title='bbox 292 1819 382 1878; x_wconf 84' lang='lat' dir='ltr'><strong>iidem</strong></span> <span class='ocrx_word' id='word_1_176' title='bbox 399 1815 557 1890; x_wconf 88' lang='lat' dir='ltr'><strong>habuisse,</strong></span> <span class='ocrx_word' id='word_1_177' title='bbox 579 1831 614 1878; x_wconf 90' lang='lat' dir='ltr'><strong>ut</strong></span> <span class='ocrx_word' id='word_1_178' title='bbox 629 1819 807 1889; x_wconf 68' lang='lat' dir='ltr'><strong>doctissimis</strong></span> <span class='ocrx_word' id='word_1_179' title='bbox 824 1817 992 1896; x_wconf 79' lang='lat' dir='ltr'><strong>quibusque</strong></span> <span class='ocrx_word' id='word_1_180' title='bbox 1005 1815 1176 1875; x_wconf 89' lang='lat' dir='ltr'><strong>hominibus</strong></span> <span class='ocrx_word' id='word_1_181' title='bbox 1192 1835 1273 1874; x_wconf 89' lang='lat' dir='ltr'><strong>con-</strong></span> 
     </span>
     <span class='ocr_line' id='line_1_19' title="bbox 67 1902 1273 1983; baseline 0.003 -25"><span class='ocrx_word' id='word_1_182' title='bbox 67 1902 185 1960; x_wconf 86' lang='lat' dir='ltr'><strong>vocatis</strong></span> <span class='ocrx_word' id='word_1_183' title='bbox 206 1912 236 1961; x_wconf 89' lang='lat' dir='ltr'><strong>et</strong></span> <span class='ocrx_word' id='word_1_184' title='bbox 250 1904 363 1963; x_wconf 85' lang='lat' dir='ltr'><strong>coactis</strong></span> <span class='ocrx_word' id='word_1_185' title='bbox 383 1925 527 1983; x_wconf 86' lang='lat' dir='ltr'><strong>quaerere</strong></span> <span class='ocrx_word' id='word_1_186' title='bbox 542 1905 704 1964; x_wconf 84' lang='lat' dir='ltr'><strong>instituerit</strong></span> <span class='ocrx_word' id='word_1_187' title='bbox 721 1903 758 1964; x_wconf 89' lang='lat' dir='ltr'><strong>de</strong></span> <span class='ocrx_word' id='word_1_188' title='bbox 777 1904 863 1962; x_wconf 87' lang='lat' dir='ltr'><strong>Panis</strong></span> <span class='ocrx_word' id='word_1_189' title='bbox 880 1911 964 1971; x_wconf 86' lang='lat' dir='ltr'><strong>ortu,</strong></span> <span class='ocrx_word' id='word_1_190' title='bbox 987 1919 1094 1978; x_wconf 85' lang='lat' dir='ltr'><strong>genere</strong></span> <span class='ocrx_word' id='word_1_191' title='bbox 1110 1911 1139 1960; x_wconf 91' lang='lat' dir='ltr'><strong>et</strong></span> <span class='ocrx_word' id='word_1_192' title='bbox 1153 1910 1273 1963; x_wconf 75' lang='lat' dir='ltr'><strong>rectura.</strong></span> 
     </span>
     <span class='ocr_line' id='line_1_20' title="bbox 68 1985 1273 2068; baseline 0.001 -25"><span class='ocrx_word' id='word_1_193' title='bbox 68 1985 144 2044; x_wconf 90' lang='lat' dir='ltr'><strong>Illos</strong></span> <span class='ocrx_word' id='word_1_194' title='bbox 159 1997 307 2064; x_wconf 70' lang='lat' dir='ltr'><strong>autemus</strong></span> <span class='ocrx_word' id='word_1_195' title='bbox 322 1990 580 2068; x_wconf 77' lang='lat' dir='ltr'><strong>multumdiuque</strong></span> <span class='ocrx_word' id='word_1_196' title='bbox 592 1989 753 2068; x_wconf 86' lang='lat' dir='ltr'><strong>disputata,</strong></span> <span class='ocrx_word' id='word_1_197' title='bbox 768 1989 805 2048; x_wconf 87' lang='lat' dir='ltr'><strong>ad</strong></span> <span class='ocrx_word' id='word_1_198' title='bbox 823 1991 989 2048; x_wconf 79' lang='lat' dir='ltr'><strong>extremum</strong></span> <span class='ocrx_word' id='word_1_199' title='bbox 1003 1989 1067 2046; x_wconf 90' lang='lat' dir='ltr'><strong>sine</strong></span> <span class='ocrx_word' id='word_1_200' title='bbox 1082 1985 1145 2044; x_wconf 90' lang='lat' dir='ltr'><strong>ulla</strong></span> <span class='ocrx_word' id='word_1_201' title='bbox 1160 1985 1273 2044; x_wconf 88' lang='lat' dir='ltr'><strong>dissen-</strong></span> 
     </span>
     <span class='ocr_line' id='line_1_21' title="bbox 70 2069 1272 2154; baseline -0.002 -24"><span class='ocrx_word' id='word_1_202' title='bbox 70 2072 156 2132; x_wconf 87' lang='lat' dir='ltr'><strong>sione</strong></span> <span class='ocrx_word' id='word_1_203' title='bbox 170 2093 206 2132; x_wconf 91' lang='lat' dir='ltr'><strong>ac</strong></span> <span class='ocrx_word' id='word_1_204' title='bbox 220 2075 372 2134; x_wconf 79' lang='lat' dir='ltr'><strong>varietate</strong></span> <span class='ocrx_word' id='word_1_205' title='bbox 378 2075 604 2154; x_wconf 86' lang='lat' dir='ltr'><strong>pronuntiasse,</strong></span> <span class='ocrx_word' id='word_1_206' title='bbox 627 2077 724 2146; x_wconf 88' lang='lat' dir='ltr'><strong>Pana,</strong></span> <span class='ocrx_word' id='word_1_207' title='bbox 746 2073 783 2133; x_wconf 91' lang='lat' dir='ltr'><strong>de</strong></span> <span class='ocrx_word' id='word_1_208' title='bbox 798 2093 857 2152; x_wconf 91' lang='lat' dir='ltr'><strong>quo</strong></span> <span class='ocrx_word' id='word_1_209' title='bbox 875 2081 1070 2152; x_wconf 83' lang='lat' dir='ltr'><strong>quaereretur</strong></span> <span class='ocrx_word' id='word_1_210' title='bbox 1082 2079 1112 2128; x_wconf 91' lang='lat' dir='ltr'><strong>et</strong></span> <span class='ocrx_word' id='word_1_211' title='bbox 1128 2071 1178 2150; x_wconf 91' lang='lat' dir='ltr'><strong>qui</strong></span> <span class='ocrx_word' id='word_1_212' title='bbox 1193 2069 1272 2129; x_wconf 90' lang='lat' dir='ltr'><strong>diem</strong></span> 
     </span>
     <span class='ocr_line' id='line_1_22' title="bbox 72 2155 1346 2238; baseline -0.002 -24"><span class='ocrx_word' id='word_1_213' title='bbox 72 2157 161 2216; x_wconf 78' lang='lat' dir='ltr'><strong>suum</strong></span> <span class='ocrx_word' id='word_1_214' title='bbox 185 2159 294 2220; x_wconf 87' lang='lat' dir='ltr'><strong>obiisse</strong></span> <span class='ocrx_word' id='word_1_215' title='bbox 318 2160 485 2235; x_wconf 84' lang='lat' dir='ltr'><strong>diceretur,</strong></span> <span class='ocrx_word' id='word_1_216' title='bbox 518 2160 711 2233; x_wconf 82' lang='lat' dir='ltr'><strong>Mercurii&#39;et</strong></span> <span class='ocrx_word' id='word_1_217' title='bbox 735 2159 904 2238; x_wconf 85' lang='lat' dir='ltr'><strong>Penelopae</strong></span> <span class='ocrx_word' id='word_1_218' title='bbox 925 2157 1019 2216; x_wconf 80' lang='lat' dir='ltr'><strong>silium</strong></span> <span class='ocrx_word' id='word_1_219' title='bbox 1047 2157 1149 2216; x_wconf 85' lang='lat' dir='ltr'><strong>luisse.</strong></span> <span class='ocrx_word' id='word_1_220' title='bbox 1206 2155 1273 2214; x_wconf 89' lang='lat' dir='ltr'><strong>Non</strong></span> <span class='ocrx_word' id='word_1_221' title='bbox 1345 2177 1346 2182; x_wconf 48' lang='lat'>¹</span> 
     </span>
     <span class='ocr_line' id='line_1_23' title="bbox 73 2239 1273 2324; baseline -0.001 -23"><span class='ocrx_word' id='word_1_222' title='bbox 73 2242 237 2304; x_wconf 80' lang='lat' dir='ltr'><strong>defuerunt</strong></span> <span class='ocrx_word' id='word_1_223' title='bbox 253 2243 414 2305; x_wconf 78' lang='lat' dir='ltr'><strong>Christiani</strong></span> <span class='ocrx_word' id='word_1_224' title='bbox 427 2244 578 2321; x_wconf 80' lang='lat' dir='ltr'><strong>homines,</strong></span> <span class='ocrx_word' id='word_1_225' title='bbox 601 2245 652 2324; x_wconf 91' lang='lat' dir='ltr'><strong>qui</strong></span> <span class='ocrx_word' id='word_1_226' title='bbox 667 2245 748 2304; x_wconf 88' lang='lat' dir='ltr'><strong>huuc</strong></span> <span class='ocrx_word' id='word_1_227' title='bbox 761 2239 841 2304; x_wconf 74' lang='lat' dir='ltr'><strong>P&#39;ana</strong></span> <span class='ocrx_word' id='word_1_228' title='bbox 857 2243 1007 2302; x_wconf 85' lang='lat' dir='ltr'><strong>Christum</strong></span> <span class='ocrx_word' id='word_1_229' title='bbox 1025 2243 1114 2302; x_wconf 87' lang='lat' dir='ltr'><strong>luisse</strong></span> <span class='ocrx_word' id='word_1_230' title='bbox 1128 2241 1273 2321; x_wconf 85' lang='lat' dir='ltr'><strong>putarint,</strong></span> 
     </span>
     <span class='ocr_line' id='line_1_24' title="bbox 72 2327 1273 2412; baseline -0.001 -26"><span class='ocrx_word' id='word_1_231' title='bbox 72 2347 214 2406; x_wconf 84' lang='lat' dir='ltr'><strong>magnum</strong></span> <span class='ocrx_word' id='word_1_232' title='bbox 223 2327 355 2390; x_wconf 82' lang='lat' dir='ltr'><strong>omnium</strong></span> <span class='ocrx_word' id='word_1_233' title='bbox 368 2333 540 2412; x_wconf 80' lang='lat' dir='ltr'><strong>mortalium</strong></span> <span class='ocrx_word' id='word_1_234' title='bbox 550 2341 702 2410; x_wconf 87' lang='lat' dir='ltr'><strong>pastorem</strong></span> <span class='ocrx_word' id='word_1_235' title='bbox 711 2339 938 2390; x_wconf 87' lang='lat' dir='ltr'><strong>etaervatorem.</strong></span> <span class='ocrx_word' id='word_1_236' title='bbox 953 2337 1090 2406; x_wconf 83' lang='lat' dir='ltr'><strong>tempora</strong></span> <span class='ocrx_word' id='word_1_237' title='bbox 1102 2337 1184 2386; x_wconf 87' lang='lat' dir='ltr'><strong>certa</strong></span> <span class='ocrx_word' id='word_1_238' title='bbox 1200 2345 1273 2385; x_wconf 91' lang='lat' dir='ltr'><strong>cou-</strong></span> 
     </span>
     <span class='ocr_line' id='line_1_25' title="bbox 72 2405 1273 2495; baseline -0.002 -24"><span class='ocrx_word' id='word_1_239' title='bbox 72 2416 210 2475; x_wconf 80' lang='lat' dir='ltr'><strong>veniuut.</strong></span> <span class='ocrx_word' id='word_1_240' title='bbox 234 2418 415 2476; x_wconf 79' lang='lat' dir='ltr'><strong>conveniunt</strong></span> <span class='ocrx_word' id='word_1_241' title='bbox 431 2427 461 2478; x_wconf 89' lang='lat' dir='ltr'><strong>et</strong></span> <span class='ocrx_word' id='word_1_242' title='bbox 475 2437 525 2490; x_wconf 87' lang='lat' dir='ltr'><strong>eo,</strong></span> <span class='ocrx_word' id='word_1_243' title='bbox 549 2437 626 2495; x_wconf 88' lang='lat' dir='ltr'><strong>qnae</strong></span> <span class='ocrx_word' id='word_1_244' title='bbox 642 2416 824 2494; x_wconf 84' lang='lat' dir='ltr'><strong>abantiquis</strong></span> <span class='ocrx_word' id='word_1_245' title='bbox 844 2415 881 2474; x_wconf 89' lang='lat' dir='ltr'><strong>de</strong></span> <span class='ocrx_word' id='word_1_246' title='bbox 895 2417 979 2476; x_wconf 74' lang='lat' dir='ltr'><strong>Pane,</strong></span> <span class='ocrx_word' id='word_1_247' title='bbox 990 2413 1099 2473; x_wconf 86' lang='lat' dir='ltr'><strong>tradita</strong></span> <span class='ocrx_word' id='word_1_248' title='bbox 1114 2405 1195 2494; x_wconf 80' lang='lat' dir='ltr'><strong>shut,</strong></span> <span class='ocrx_word' id='word_1_249' title='bbox 1218 2412 1273 2470; x_wconf 86' lang='lat' dir='ltr'><strong>Pa.</strong></span> 
     </span>
     <span class='ocr_line' id='line_1_26' title="bbox 73 2495 1273 2568; baseline 0.002 -12"><span class='ocrx_word' id='word_1_250' title='bbox 73 2517 113 2556; x_wconf 87' lang='lat' dir='ltr'><strong>na</strong></span> <span class='ocrx_word' id='word_1_251' title='bbox 135 2497 223 2558; x_wconf 90' lang='lat' dir='ltr'><strong>deum</strong></span> <span class='ocrx_word' id='word_1_252' title='bbox 243 2503 469 2562; x_wconf 86' lang='lat' dir='ltr'><strong>esse&#39;rusticum</strong></span> <span class='ocrx_word' id='word_1_253' title='bbox 490 2503 662 2562; x_wconf 76' lang='lat' dir='ltr'><strong>iuncturae</strong></span> <span class='ocrx_word' id='word_1_254' title='bbox 683 2502 907 2568; x_wconf 86' lang='lat' dir='ltr'><strong>similitudinem</strong></span> <span class='ocrx_word' id='word_1_255' title='bbox 931 2499 1170 2567; x_wconf 81' lang='lat' dir='ltr'><strong>conformatum,</strong></span> <span class='ocrx_word' id='word_1_256' title='bbox 1193 2495 1273 2559; x_wconf 86' lang='lat' dir='ltr'><strong>unde</strong></span> 
     </span>
    </p>
   </div>
   <div class='ocr_carea' id='block_1_11' title="bbox 75 2579 1403 2670">
    <p class='ocr_par' dir='ltr' id='par_1_11' title="bbox 75 2579 1403 2670">
     <span class='ocr_line' id='line_1_27' title="bbox 75 2579 1403 2670; baseline 0.001 -29"><span class='ocrx_word' id='word_1_257' title='bbox 75 2592 105 2642; x_wconf 91' lang='lat' dir='ltr'><strong>et</strong></span> <span class='ocrx_word' id='word_1_258' title='bbox 120 2588 183 2645; x_wconf 78' lang='grc' dir='ltr'><strong>πᾶν</strong></span> <span class='ocrx_word' id='word_1_259' title='bbox 203 2585 302 2645; x_wconf 87' lang='lat' dir='ltr'><strong>dictus</strong></span> <span class='ocrx_word' id='word_1_260' title='bbox 321 2597 381 2663; x_wconf 88' lang='lat' dir='ltr'><strong>eat,</strong></span> <span class='ocrx_word' id='word_1_261' title='bbox 402 2587 434 2647; x_wconf 93' lang='lat' dir='ltr'><strong>id</strong></span> <span class='ocrx_word' id='word_1_262' title='bbox 454 2597 514 2662; x_wconf 88' lang='lat' dir='ltr'><strong>est,</strong></span> <span class='ocrx_word' id='word_1_263' title='bbox 538 2607 641 2663; x_wconf 88' lang='lat' dir='ltr'><strong>omne,</strong></span> <span class='ocrx_word' id='word_1_264' title='bbox 663 2589 748 2670; x_wconf 92' lang='lat' dir='ltr'><strong>quasi</strong></span> <span class='ocrx_word' id='word_1_265' title='bbox 764 2596 889 2646; x_wconf 88' lang='lat' dir='ltr'><strong>naturae</strong></span> <span class='ocrx_word' id='word_1_266' title='bbox 903 2587 1061 2644; x_wconf 83' lang='lat' dir='ltr'><strong>universae</strong></span> <span class='ocrx_word' id='word_1_267' title='bbox 1079 2584 1162 2644; x_wconf 92' lang='lat' dir='ltr'><strong>deus.</strong></span> <span class='ocrx_word' id='word_1_268' title='bbox 1183 2579 1275 2642; x_wconf 89' lang='lat' dir='ltr'><strong>habet</strong></span> <span class='ocrx_word' id='word_1_269' title='bbox 1386 2601 1403 2620; x_wconf 54' lang='lat' dir='ltr'><strong>r</strong></span> 
     </span>
    </p>
   </div>
   <div class='ocr_carea' id='block_1_12' title="bbox 9 2663 1364 3010">
    <p class='ocr_par' dir='ltr' id='par_1_12' title="bbox 74 2663 1322 2752">
     <span class='ocr_line' id='line_1_28' title="bbox 74 2663 1322 2752; baseline 0.002 -24"><span class='ocrx_word' id='word_1_270' title='bbox 74 2670 153 2728; x_wconf 87' lang='lat' dir='ltr'><strong>enim</strong></span> <span class='ocrx_word' id='word_1_271' title='bbox 168 2689 298 2749; x_wconf 88' lang='lat' dir='ltr'><strong>cornua,</strong></span> <span class='ocrx_word' id='word_1_272' title='bbox 321 2693 397 2752; x_wconf 83' lang='lat' dir='ltr'><strong>quaa</strong></span> <span class='ocrx_word' id='word_1_273' title='bbox 413 2672 516 2732; x_wconf 88' lang='lat' dir='ltr'><strong>radios</strong></span> <span class='ocrx_word' id='word_1_274' title='bbox 537 2673 608 2732; x_wconf 87' lang='lat' dir='ltr'><strong>solis</strong></span> <span class='ocrx_word' id='word_1_275' title='bbox 624 2683 653 2732; x_wconf 89' lang='lat' dir='ltr'><strong>et</strong></span> <span class='ocrx_word' id='word_1_276' title='bbox 669 2693 781 2734; x_wconf 87' lang='lat' dir='ltr'><strong>cornua</strong></span> <span class='ocrx_word' id='word_1_277' title='bbox 801 2663 888 2730; x_wconf 72' lang='lat' dir='ltr'><strong>lunae</strong></span> <span class='ocrx_word' id='word_1_278' title='bbox 909 2669 1084 2748; x_wconf 81' lang='lat' dir='ltr'><strong>significant.</strong></span> <span class='ocrx_word' id='word_1_279' title='bbox 1105 2669 1195 2728; x_wconf 90' lang='lat' dir='ltr'><strong>rubet</strong></span> <span class='ocrx_word' id='word_1_280' title='bbox 1210 2668 1274 2730; x_wconf 84' lang='lat' dir='ltr'><strong>eius</strong></span> <span class='ocrx_word' id='word_1_281' title='bbox 1317 2681 1322 2694; x_wconf 88' lang='lat'><em>¹</em></span> 
     </span>
    </p>

    <p class='ocr_par' dir='ltr' id='par_1_13' title="bbox 9 2747 1364 3010">
     <span class='ocr_line' id='line_1_29' title="bbox 74 2747 1364 2836; baseline -0.001 -24"><span class='ocrx_word' id='word_1_282' title='bbox 74 2754 183 2832; x_wconf 80' lang='lat' dir='ltr'><strong>facies,</strong></span> <span class='ocrx_word' id='word_1_283' title='bbox 207 2777 281 2836; x_wconf 85' lang='lat' dir='ltr'><strong>quae</strong></span> <span class='ocrx_word' id='word_1_284' title='bbox 296 2757 442 2836; x_wconf 78' lang='lat' dir='ltr'><strong>significat</strong></span> <span class='ocrx_word' id='word_1_285' title='bbox 461 2768 598 2818; x_wconf 86' lang='lat' dir='ltr'><strong>naturam</strong></span> <span class='ocrx_word' id='word_1_286' title='bbox 614 2757 743 2818; x_wconf 84' lang='lat' dir='ltr'><strong>aetheris</strong></span> <span class='ocrx_word' id='word_1_287' title='bbox 759 2759 883 2836; x_wconf 86' lang='lat' dir='ltr'><strong>igneam.</strong></span> <span class='ocrx_word' id='word_1_288' title='bbox 904 2756 941 2816; x_wconf 92' lang='lat' dir='ltr'><strong>ad</strong></span> <span class='ocrx_word' id='word_1_289' title='bbox 957 2765 1064 2836; x_wconf 91' lang='lat' dir='ltr'><strong>peetus</strong></span> <span class='ocrx_word' id='word_1_290' title='bbox 1083 2753 1192 2834; x_wconf 89' lang='lat' dir='ltr'><strong>pellem</strong></span> <span class='ocrx_word' id='word_1_291' title='bbox 1208 2773 1275 2812; x_wconf 90' lang='lat' dir='ltr'><strong>cer·</strong></span> <span class='ocrx_word' id='word_1_292' title='bbox 1316 2747 1320 2767; x_wconf 79' lang='lat'>¹</span> <span class='ocrx_word' id='word_1_293' title='bbox 1362 2827 1364 2832; x_wconf 28' lang='grc' dir='ltr'>Ι</span> 
     </span>
     <span class='ocr_line' id='line_1_30' title="bbox 9 2839 1342 2922; baseline -0.002 -25"><span class='ocrx_word' id='word_1_294' title='bbox 9 2917 10 2922; x_wconf 11' lang='lat'>¹</span> <span class='ocrx_word' id='word_1_295' title='bbox 75 2842 175 2898; x_wconf 85' lang='lat' dir='ltr'><strong>vinam</strong></span> <span class='ocrx_word' id='word_1_296' title='bbox 197 2839 289 2902; x_wconf 88' lang='lat' dir='ltr'><strong>habet</strong></span> <span class='ocrx_word' id='word_1_297' title='bbox 310 2845 477 2922; x_wconf 83' lang='lat' dir='ltr'><strong>stellatam,</strong></span> <span class='ocrx_word' id='word_1_298' title='bbox 500 2863 559 2922; x_wconf 86' lang='lat' dir='ltr'><strong>qua</strong></span> <span class='ocrx_word' id='word_1_299' title='bbox 576 2845 689 2904; x_wconf 89' lang='lat' dir='ltr'><strong>caelum</strong></span> <span class='ocrx_word' id='word_1_300' title='bbox 709 2845 885 2905; x_wconf 85' lang='lat' dir='ltr'><strong>stelliferum</strong></span> <span class='ocrx_word' id='word_1_301' title='bbox 908 2861 962 2901; x_wconf 87' lang='lat' dir='ltr'><strong>sau</strong></span> <span class='ocrx_word' id='word_1_302' title='bbox 986 2840 1081 2900; x_wconf 89' lang='lat' dir='ltr'><strong>stellis</strong></span> <span class='ocrx_word' id='word_1_303' title='bbox 1101 2839 1277 2898; x_wconf 85' lang='lat' dir='ltr'><strong>distinctum</strong></span> <span class='ocrx_word' id='word_1_304' title='bbox 1332 2880 1342 2894; x_wconf 92' lang='lat'>.</span> 
     </span>
     <span class='ocr_line' id='line_1_31' title="bbox 76 2923 1273 3010; baseline 0 -26"><span class='ocrx_word' id='word_1_305' title='bbox 76 2923 269 3002; x_wconf 80' lang='lat' dir='ltr'><strong>significatur.</strong></span> <span class='ocrx_word' id='word_1_306' title='bbox 289 2948 360 3010; x_wconf 82' lang='lat' dir='ltr'><strong>para</strong></span> <span class='ocrx_word' id='word_1_307' title='bbox 389 2933 452 2990; x_wconf 90' lang='lat' dir='ltr'><strong>eius</strong></span> <span class='ocrx_word' id='word_1_308' title='bbox 475 2929 599 2990; x_wconf 77' lang='lat' dir='ltr'><strong>inferior</strong></span> <span class='ocrx_word' id='word_1_309' title='bbox 619 2929 736 2990; x_wconf 90' lang='lat' dir='ltr'><strong>hirsuta</strong></span> <span class='ocrx_word' id='word_1_310' title='bbox 760 2939 820 3003; x_wconf 87' lang='lat' dir='ltr'><strong>est,</strong></span> <span class='ocrx_word' id='word_1_311' title='bbox 842 2948 901 3008; x_wconf 90' lang='lat' dir='ltr'><strong>qua</strong></span> <span class='ocrx_word' id='word_1_312' title='bbox 923 2926 1117 3004; x_wconf 83' lang='lat' dir='ltr'><strong>designantur</strong></span> <span class='ocrx_word' id='word_1_313' title='bbox 1142 2925 1273 3000; x_wconf 88' lang='lat' dir='ltr'><strong>arbores,</strong></span> 
     </span>
    </p>
   </div>
   <div class='ocr_carea' id='block_1_13' title="bbox 77 3009 1389 3094">
    <p class='ocr_par' dir='ltr' id='par_1_14' title="bbox 77 3009 1389 3094">
     <span class='ocr_line' id='line_1_32' title="bbox 77 3009 1389 3094; baseline 0.002 -26"><span class='ocrx_word' id='word_1_314' title='bbox 77 3011 223 3089; x_wconf 84' lang='lat' dir='ltr'><strong>virgulta,</strong></span> <span class='ocrx_word' id='word_1_315' title='bbox 243 3011 370 3092; x_wconf 84' lang='lat' dir='ltr'><strong>herbas,</strong></span> <span class='ocrx_word' id='word_1_316' title='bbox 393 3015 513 3094; x_wconf 80' lang='lat' dir='ltr'><strong>fruges,</strong></span> <span class='ocrx_word' id='word_1_317' title='bbox 536 3017 617 3076; x_wconf 84' lang='lat' dir='ltr'><strong>seras</strong></span> <span class='ocrx_word' id='word_1_318' title='bbox 640 3024 671 3076; x_wconf 88' lang='lat' dir='ltr'><strong>et</strong></span> <span class='ocrx_word' id='word_1_319' title='bbox 692 3025 810 3076; x_wconf 87' lang='lat' dir='ltr'><strong>ceterae</strong></span> <span class='ocrx_word' id='word_1_320' title='bbox 834 3014 999 3074; x_wconf 89' lang='lat' dir='ltr'><strong>animantes</strong></span> <span class='ocrx_word' id='word_1_321' title='bbox 1022 3012 1052 3070; x_wconf 88' lang='lat' dir='ltr'><strong>in</strong></span> <span class='ocrx_word' id='word_1_322' title='bbox 1074 3020 1154 3070; x_wconf 84' lang='lat' dir='ltr'><strong>terra</strong></span> <span class='ocrx_word' id='word_1_323' title='bbox 1174 3009 1275 3079; x_wconf 85' lang='lat' dir='ltr'><strong>sedem</strong></span> <span class='ocrx_word' id='word_1_324' title='bbox 1360 3049 1365 3056; x_wconf 92' lang='lat'>-</span> <span class='ocrx_word' id='word_1_325' title='bbox 1388 3081 1389 3084; x_wconf 7' lang='grc' dir='ltr'><strong>Ἴ</strong></span> 
     </span>
    </p>
   </div>
   <div class='ocr_carea' id='block_1_14' title="bbox 36 3093 1371 3266">
    <p class='ocr_par' dir='ltr' id='par_1_15' title="bbox 36 3093 1371 3266">
     <span class='ocr_line' id='line_1_33' title="bbox 75 3093 1371 3182; baseline 0 -28"><span class='ocrx_word' id='word_1_326' title='bbox 75 3093 228 3158; x_wconf 89' lang='lat' dir='ltr'><strong>habentes.</strong></span> <span class='ocrx_word' id='word_1_327' title='bbox 250 3098 343 3178; x_wconf 86' lang='lat' dir='ltr'><strong>pedes</strong></span> <span class='ocrx_word' id='word_1_328' title='bbox 360 3109 429 3160; x_wconf 90' lang='lat' dir='ltr'><strong>sunt</strong></span> <span class='ocrx_word' id='word_1_329' title='bbox 447 3100 475 3160; x_wconf 92' lang='lat' dir='ltr'><strong>ei</strong></span> <span class='ocrx_word' id='word_1_330' title='bbox 491 3100 625 3182; x_wconf 83' lang='lat' dir='ltr'><strong>caprini,</strong></span> <span class='ocrx_word' id='word_1_331' title='bbox 646 3109 681 3161; x_wconf 86' lang='lat' dir='ltr'><strong>ut</strong></span> <span class='ocrx_word' id='word_1_332' title='bbox 693 3101 866 3162; x_wconf 87' lang='lat' dir='ltr'><strong>declaretur</strong></span> <span class='ocrx_word' id='word_1_333' title='bbox 879 3109 977 3160; x_wconf 87' lang='lat' dir='ltr'><strong>terrae</strong></span> <span class='ocrx_word' id='word_1_334' title='bbox 994 3097 1154 3172; x_wconf 86' lang='lat' dir='ltr'><strong>stabilitas,</strong></span> <span class='ocrx_word' id='word_1_335' title='bbox 1170 3094 1276 3155; x_wconf 78' lang='lat' dir='ltr'><strong>&#39;firmi-</strong></span> <span class='ocrx_word' id='word_1_336' title='bbox 1311 3147 1316 3156; x_wconf 90' lang='grc'><em>,</em></span> <span class='ocrx_word' id='word_1_337' title='bbox 1368 3134 1371 3142; x_wconf 87' lang='lat'>·</span> 
     </span>
     <span class='ocr_line' id='line_1_34' title="bbox 36 3180 1275 3266; baseline -0.001 -26"><span class='ocrx_word' id='word_1_338' title='bbox 36 3231 40 3248; x_wconf 87' lang='grc'>,</span> <span class='ocrx_word' id='word_1_339' title='bbox 76 3192 122 3241; x_wconf 86' lang='lat' dir='ltr'><strong>tas</strong></span> <span class='ocrx_word' id='word_1_340' title='bbox 137 3203 172 3242; x_wconf 89' lang='lat' dir='ltr'><strong>ac</strong></span> <span class='ocrx_word' id='word_1_341' title='bbox 187 3183 332 3244; x_wconf 85' lang='lat' dir='ltr'><strong>soliditas.</strong></span> <span class='ocrx_word' id='word_1_342' title='bbox 353 3187 483 3247; x_wconf 83' lang='lat' dir='ltr'><strong>fistulam</strong></span> <span class='ocrx_word' id='word_1_343' title='bbox 498 3195 580 3248; x_wconf 85' lang='lat' dir='ltr'><strong>tenet</strong></span> <span class='ocrx_word' id='word_1_344' title='bbox 596 3195 708 3266; x_wconf 86' lang='lat' dir='ltr'><strong>septem</strong></span> <span class='ocrx_word' id='word_1_345' title='bbox 723 3187 844 3246; x_wconf 87' lang='lat' dir='ltr'><strong>calamia</strong></span> <span class='ocrx_word' id='word_1_346' title='bbox 859 3192 1062 3263; x_wconf 88' lang='lat' dir='ltr'><strong>compactam,</strong></span> <span class='ocrx_word' id='word_1_347' title='bbox 1083 3192 1117 3242; x_wconf 90' lang='lat' dir='ltr'><strong>ut</strong></span> <span class='ocrx_word' id='word_1_348' title='bbox 1131 3180 1275 3242; x_wconf 88' lang='lat' dir='ltr'><strong>ostenda-</strong></span> 
     </span>
    </p>
   </div>
   <div class='ocr_carea' id='block_1_15' title="bbox 77 3267 1398 3350">
    <p class='ocr_par' dir='ltr' id='par_1_16' title="bbox 77 3267 1398 3350">
     <span class='ocr_line' id='line_1_35' title="bbox 77 3267 1398 3350; baseline 0.002 -26"><span class='ocrx_word' id='word_1_349' title='bbox 77 3275 127 3325; x_wconf 91' lang='lat' dir='ltr'><strong>tur</strong></span> <span class='ocrx_word' id='word_1_350' title='bbox 146 3269 221 3328; x_wconf 86' lang='lat' dir='ltr'><strong>eseli</strong></span> <span class='ocrx_word' id='word_1_351' title='bbox 235 3267 407 3349; x_wconf 82' lang='lat' dir='ltr'><strong>harmonio,</strong></span> <span class='ocrx_word' id='word_1_352' title='bbox 429 3290 549 3332; x_wconf 68' lang='lat' dir='ltr'><strong>exorno</strong></span> <span class='ocrx_word' id='word_1_353' title='bbox 566 3273 642 3332; x_wconf 86' lang='lat' dir='ltr'><strong>caeli</strong></span> <span class='ocrx_word' id='word_1_354' title='bbox 661 3282 690 3332; x_wconf 92' lang='lat' dir='ltr'><strong>et</strong></span> <span class='ocrx_word' id='word_1_355' title='bbox 705 3272 799 3332; x_wconf 89' lang='lat' dir='ltr'><strong>altaro</strong></span> <span class='ocrx_word' id='word_1_356' title='bbox 821 3280 933 3350; x_wconf 84' lang='lat' dir='ltr'><strong>septem</strong></span> <span class='ocrx_word' id='word_1_357' title='bbox 948 3268 1080 3330; x_wconf 86' lang='lat' dir='ltr'><strong>siderum</strong></span> <span class='ocrx_word' id='word_1_358' title='bbox 1095 3277 1181 3330; x_wconf 89' lang='lat' dir='ltr'><strong>motu</strong></span> <span class='ocrx_word' id='word_1_359' title='bbox 1201 3285 1275 3327; x_wconf 88' lang='lat' dir='ltr'><strong>con·</strong></span> <span class='ocrx_word' id='word_1_360' title='bbox 1304 3325 1319 3336; x_wconf 8' lang='grc' dir='ltr'><strong>,Ἴ</strong></span> <span class='ocrx_word' id='word_1_361' title='bbox 1395 3337 1398 3346; x_wconf 25' lang='lat'><em>7</em></span> 
     </span>
    </p>
   </div>
   <div class='ocr_carea' id='block_1_16' title="bbox 42 3351 1279 3692">
    <p class='ocr_par' dir='ltr' id='par_1_17' title="bbox 42 3351 1279 3692">
     <span class='ocr_line' id='line_1_36' title="bbox 78 3351 1275 3434; baseline 0 -24"><span class='ocrx_word' id='word_1_362' title='bbox 78 3352 190 3422; x_wconf 83' lang='lat' dir='ltr'><strong>traria,</strong></span> <span class='ocrx_word' id='word_1_363' title='bbox 212 3351 293 3413; x_wconf 87' lang='lat' dir='ltr'><strong>unde</strong></span> <span class='ocrx_word' id='word_1_364' title='bbox 311 3365 426 3434; x_wconf 84' lang='lat' dir='ltr'><strong>septem</strong></span> <span class='ocrx_word' id='word_1_365' title='bbox 444 3357 510 3416; x_wconf 89' lang='lat' dir='ltr'><strong>soni</strong></span> <span class='ocrx_word' id='word_1_366' title='bbox 532 3358 718 3431; x_wconf 86' lang='lat' dir='ltr'><strong>efficiuntur,</strong></span> <span class='ocrx_word' id='word_1_367' title='bbox 740 3367 888 3418; x_wconf 86' lang='lat' dir='ltr'><strong>constans.</strong></span> <span class='ocrx_word' id='word_1_368' title='bbox 909 3353 1023 3434; x_wconf 78' lang='lat' dir='ltr'><strong>virgam</strong></span> <span class='ocrx_word' id='word_1_369' title='bbox 1046 3353 1204 3414; x_wconf 87' lang='lat' dir='ltr'><strong>incurvam</strong></span> <span class='ocrx_word' id='word_1_370' title='bbox 1221 3369 1275 3411; x_wconf 85' lang='lat' dir='ltr'><strong>seu</strong></span> 
     </span>
     <span class='ocr_line' id='line_1_37' title="bbox 78 3437 1275 3522; baseline 0.001 -27"><span class='ocrx_word' id='word_1_371' title='bbox 78 3437 188 3517; x_wconf 84' lang='lat' dir='ltr'><strong>pedum</strong></span> <span class='ocrx_word' id='word_1_372' title='bbox 208 3447 304 3516; x_wconf 84' lang='lat' dir='ltr'><strong>gestat</strong></span> <span class='ocrx_word' id='word_1_373' title='bbox 324 3451 450 3522; x_wconf 86' lang='lat' dir='ltr'><strong>propter</strong></span> <span class='ocrx_word' id='word_1_374' title='bbox 472 3463 598 3520; x_wconf 88' lang='lat' dir='ltr'><strong>annum,</strong></span> <span class='ocrx_word' id='word_1_375' title='bbox 622 3445 674 3522; x_wconf 90' lang='lat' dir='ltr'><strong>qui</strong></span> <span class='ocrx_word' id='word_1_376' title='bbox 691 3445 722 3502; x_wconf 91' lang='lat' dir='ltr'><strong>in</strong></span> <span class='ocrx_word' id='word_1_377' title='bbox 739 3463 772 3502; x_wconf 89' lang='lat' dir='ltr'><strong>se</strong></span> <span class='ocrx_word' id='word_1_378' title='bbox 793 3441 932 3514; x_wconf 74' lang='lat' dir='ltr'><strong>recurrit,</strong></span> <span class='ocrx_word' id='word_1_379' title='bbox 977 3439 1058 3498; x_wconf 87' lang='lat' dir='ltr'><strong>ldem</strong></span> <span class='ocrx_word' id='word_1_380' title='bbox 1075 3457 1144 3498; x_wconf 91' lang='lat' dir='ltr'><strong>cum</strong></span> <span class='ocrx_word' id='word_1_381' title='bbox 1164 3439 1275 3498; x_wconf 80' lang='lat' dir='ltr'><strong>Amore</strong></span> 
     </span>
     <span class='ocr_line' id='line_1_38' title="bbox 81 3519 1275 3612; baseline 0 -30"><span class='ocrx_word' id='word_1_382' title='bbox 81 3521 136 3582; x_wconf 88' lang='lat' dir='ltr'><strong>deo</strong></span> <span class='ocrx_word' id='word_1_383' title='bbox 157 3543 211 3583; x_wconf 88' lang='lat' dir='ltr'><strong>seu</strong></span> <span class='ocrx_word' id='word_1_384' title='bbox 223 3521 374 3602; x_wconf 51' lang='lat' dir='ltr'><strong>¹Cupidine</strong></span> <span class='ocrx_word' id='word_1_385' title='bbox 396 3525 528 3612; x_wconf 75' lang='lat' dir='ltr'><strong>luctatus</strong></span> <span class='ocrx_word' id='word_1_386' title='bbox 548 3539 594 3592; x_wconf 86' lang='lat' dir='ltr'><strong>est</strong></span> <span class='ocrx_word' id='word_1_387' title='bbox 614 3527 650 3588; x_wconf 90' lang='lat' dir='ltr'><strong>ab</strong></span> <span class='ocrx_word' id='word_1_388' title='bbox 675 3519 773 3607; x_wconf 83' lang='lat' dir='ltr'><strong>eoque</strong></span> <span class='ocrx_word' id='word_1_389' title='bbox 790 3537 971 3606; x_wconf 60' lang='lat' dir='ltr'><strong>superatus„</strong></span> <span class='ocrx_word' id='word_1_390' title='bbox 1001 3526 1051 3584; x_wconf 86' lang='lat' dir='ltr'><strong>Sic</strong></span> <span class='ocrx_word' id='word_1_391' title='bbox 1072 3524 1167 3597; x_wconf 86' lang='lat' dir='ltr'><strong>Deum</strong></span> <span class='ocrx_word' id='word_1_392' title='bbox 1184 3519 1275 3582; x_wconf 91' lang='lat' dir='ltr'><strong>huius</strong></span> 
     </span>
     <span class='ocr_line' id='line_1_39' title="bbox 42 3605 1279 3692; baseline 0.001 -27"><span class='ocrx_word' id='word_1_393' title='bbox 42 3679 44 3689; x_wconf 37' lang='grc' dir='ltr'>Ι</span> <span class='ocrx_word' id='word_1_394' title='bbox 80 3608 182 3668; x_wconf 88' lang='lat' dir='ltr'><strong>mundi</strong></span> <span class='ocrx_word' id='word_1_395' title='bbox 199 3608 338 3688; x_wconf 85' lang='lat' dir='ltr'><strong>opificem</strong></span> <span class='ocrx_word' id='word_1_396' title='bbox 357 3632 440 3673; x_wconf 87' lang='lat' dir='ltr'><strong>amor</strong></span> <span class='ocrx_word' id='word_1_397' title='bbox 457 3615 572 3691; x_wconf 82' lang='lat' dir='ltr'><strong>generis</strong></span> <span class='ocrx_word' id='word_1_398' title='bbox 589 3614 711 3674; x_wconf 89' lang='lat' dir='ltr'><strong>humaui</strong></span> <span class='ocrx_word' id='word_1_399' title='bbox 728 3613 803 3674; x_wconf 84' lang='lat' dir='ltr'><strong>vicit</strong></span> <span class='ocrx_word' id='word_1_400' title='bbox 817 3622 848 3672; x_wconf 87' lang='lat' dir='ltr'><strong>et</strong></span> <span class='ocrx_word' id='word_1_401' title='bbox 864 3613 969 3692; x_wconf 86' lang='lat' dir='ltr'><strong>(paene</strong></span> <span class='ocrx_word' id='word_1_402' title='bbox 984 3605 1096 3692; x_wconf 91' lang='lat' dir='ltr'><strong>dicam)</strong></span> <span class='ocrx_word' id='word_1_403' title='bbox 1117 3607 1223 3686; x_wconf 81' lang='lat' dir='ltr'><strong>co&#39;a&#39;git,</strong></span> <span class='ocrx_word' id='word_1_404' title='bbox 1245 3616 1279 3667; x_wconf 88' lang='lat' dir='ltr'><strong>ut</strong></span> 
     </span>
    </p>
   </div>
   <div class='ocr_carea' id='block_1_17' title="bbox 9 3691 1427 3863">
    <p class='ocr_par' dir='ltr' id='par_1_18' title="bbox 9 3691 1427 3863">
     <span class='ocr_line' id='line_1_40' title="bbox 9 3691 1427 3776; baseline -0.001 -24"><span class='ocrx_word' id='word_1_405' title='bbox 9 3697 14 3704; x_wconf 83' lang='grc'><strong><em>’</em></strong></span> <span class='ocrx_word' id='word_1_406' title='bbox 79 3695 172 3754; x_wconf 82' lang='lat' dir='ltr'><strong>forma</strong></span> <span class='ocrx_word' id='word_1_407' title='bbox 186 3693 316 3754; x_wconf 83' lang='lat' dir='ltr'><strong>humana</strong></span> <span class='ocrx_word' id='word_1_408' title='bbox 334 3706 432 3757; x_wconf 88' lang='lat' dir='ltr'><strong>sumta</strong></span> <span class='ocrx_word' id='word_1_409' title='bbox 448 3707 543 3759; x_wconf 86' lang='lat' dir='ltr'><strong>terras</strong></span> <span class='ocrx_word' id='word_1_410' title='bbox 557 3701 721 3775; x_wconf 88' lang='lat' dir='ltr'><strong>incoleret,</strong></span> <span class='ocrx_word' id='word_1_411' title='bbox 745 3699 827 3758; x_wconf 82' lang='lat' dir='ltr'><strong>orcis</strong></span> <span class='ocrx_word' id='word_1_412' title='bbox 843 3705 995 3776; x_wconf 85' lang='lat' dir='ltr'><strong>pasceret,</strong></span> <span class='ocrx_word' id='word_1_413' title='bbox 1016 3693 1077 3754; x_wconf 89' lang='lat' dir='ltr'><strong>hoc</strong></span> <span class='ocrx_word' id='word_1_414' title='bbox 1094 3703 1153 3766; x_wconf 89' lang='lat' dir='ltr'><strong>est,</strong></span> <span class='ocrx_word' id='word_1_415' title='bbox 1173 3691 1279 3752; x_wconf 82' lang='lat' dir='ltr'><strong>homi·</strong></span> <span class='ocrx_word' id='word_1_416' title='bbox 1336 3739 1369 3768; x_wconf 67' lang='grc'><strong>,.</strong></span> <span class='ocrx_word' id='word_1_417' title='bbox 1426 3743 1427 3752; x_wconf 71' lang='grc'>,</span> 
     </span>
     <span class='ocr_line' id='line_1_41' title="bbox 74 3779 1427 3863; baseline -0.002 -23"><span class='ocrx_word' id='word_1_418' title='bbox 74 3779 282 3841; x_wconf 32' lang='lat' dir='ltr'><strong>,nseveritatis</strong></span> <span class='ocrx_word' id='word_1_419' title='bbox 301 3790 332 3842; x_wconf 85' lang='lat' dir='ltr'><strong>et</strong></span> <span class='ocrx_word' id='word_1_420' title='bbox 348 3781 548 3863; x_wconf 85' lang='lat' dir='ltr'><strong>simplicitatis</strong></span> <span class='ocrx_word' id='word_1_421' title='bbox 564 3786 709 3846; x_wconf 86' lang='lat' dir='ltr'><strong>amenteia</strong></span> <span class='ocrx_word' id='word_1_422' title='bbox 726 3783 858 3844; x_wconf 88' lang='lat' dir='ltr'><strong>erudiret</strong></span> <span class='ocrx_word' id='word_1_423' title='bbox 875 3799 1038 3861; x_wconf 89' lang='lat' dir='ltr'><strong>eoaquaax</strong></span> <span class='ocrx_word' id='word_1_424' title='bbox 1054 3779 1281 3840; x_wconf 70' lang='lat' dir='ltr'><strong>Orcifoucibus&#39;</strong></span> <span class='ocrx_word' id='word_1_425' title='bbox 1346 3809 1384 3822; x_wconf 26' lang='grc' dir='ltr'><strong>ι·</strong></span> <span class='ocrx_word' id='word_1_426' title='bbox 1426 3785 1427 3794; x_wconf 75' lang='grc'>’</span> 
     </span>
    </p>
   </div>
   <div class='ocr_carea' id='block_1_18' title="bbox 12 3865 1327 4639">
    <p class='ocr_par' dir='ltr' id='par_1_19' title="bbox 12 3865 1327 4639">
     <span class='ocr_line' id='line_1_42' title="bbox 79 3865 1279 3946; baseline -0.001 -21"><span class='ocrx_word' id='word_1_427' title='bbox 79 3875 174 3926; x_wconf 85' lang='lat' dir='ltr'><strong>morta</strong></span> <span class='ocrx_word' id='word_1_428' title='bbox 192 3883 247 3925; x_wconf 86' lang='lat' dir='ltr'><strong>sua</strong></span> <span class='ocrx_word' id='word_1_429' title='bbox 269 3866 445 3928; x_wconf 80' lang='lat' dir='ltr'><strong>vindicatos</strong></span> <span class='ocrx_word' id='word_1_430' title='bbox 463 3889 499 3929; x_wconf 88' lang='lat' dir='ltr'><strong>se</strong></span> <span class='ocrx_word' id='word_1_431' title='bbox 512 3871 663 3932; x_wconf 84' lang='lat' dir='ltr'><strong>redemtos</strong></span> <span class='ocrx_word' id='word_1_432' title='bbox 679 3879 812 3931; x_wconf 81' lang='lat' dir='ltr'><strong>servaret</strong></span> <span class='ocrx_word' id='word_1_433' title='bbox 833 3877 863 3929; x_wconf 88' lang='lat' dir='ltr'><strong>et</strong></span> <span class='ocrx_word' id='word_1_434' title='bbox 879 3871 930 3946; x_wconf 77' lang='lat' dir='ltr'><strong>(ut</strong></span> <span class='ocrx_word' id='word_1_435' title='bbox 945 3865 1078 3926; x_wconf 84' lang='lat' dir='ltr'><strong>Arnobii</strong></span> <span class='ocrx_word' id='word_1_436' title='bbox 1088 3865 1182 3924; x_wconf 85' lang='lat' dir='ltr'><strong>verbo</strong></span> <span class='ocrx_word' id='word_1_437' title='bbox 1197 3866 1279 3936; x_wconf 86' lang='lat' dir='ltr'><strong>utar)</strong></span> 
     </span>
     <span class='ocr_line' id='line_1_43' title="bbox 80 3949 1276 4038; baseline -0.001 -28"><span class='ocrx_word' id='word_1_438' title='bbox 80 3951 244 4031; x_wconf 88' lang='lat' dir='ltr'><strong>sospitaret.</strong></span> <span class='ocrx_word' id='word_1_439' title='bbox 282 3951 453 4014; x_wconf 87' lang='lat' dir='ltr'><strong>Herodotus</strong></span> <span class='ocrx_word' id='word_1_440' title='bbox 471 3955 503 4015; x_wconf 86' lang='lat' dir='ltr'><strong>iu</strong></span> <span class='ocrx_word' id='word_1_441' title='bbox 517 3957 649 4036; x_wconf 86' lang='lat' dir='ltr'><strong>Euterpe</strong></span> <span class='ocrx_word' id='word_1_442' title='bbox 672 3953 894 4038; x_wconf 85' lang='lat' dir='ltr'><strong>[11,46.]Pana</strong></span> <span class='ocrx_word' id='word_1_443' title='bbox 916 3951 1022 4012; x_wconf 85' lang='lat' dir='ltr'><strong>scribit</strong></span> <span class='ocrx_word' id='word_1_444' title='bbox 1043 3973 1059 4010; x_wconf 89' lang='lat' dir='ltr'><strong>a</strong></span> <span class='ocrx_word' id='word_1_445' title='bbox 1079 3951 1229 4010; x_wconf 89' lang='lat' dir='ltr'><strong>Mendesis</strong></span> <span class='ocrx_word' id='word_1_446' title='bbox 1246 3949 1276 4009; x_wconf 89' lang='lat' dir='ltr'><strong>in</strong></span> 
     </span>
     <span class='ocr_line' id='line_1_44' title="bbox 81 4033 1278 4117; baseline 0.003 -22"><span class='ocrx_word' id='word_1_447' title='bbox 81 4045 148 4099; x_wconf 88' lang='lat' dir='ltr'><strong>octo</strong></span> <span class='ocrx_word' id='word_1_448' title='bbox 159 4037 223 4096; x_wconf 89' lang='lat' dir='ltr'><strong>Diis</strong></span> <span class='ocrx_word' id='word_1_449' title='bbox 235 4033 394 4099; x_wconf 82' lang='lat' dir='ltr'><strong>numerari.</strong></span> <span class='ocrx_word' id='word_1_450' title='bbox 416 4037 473 4101; x_wconf 88' lang='lat' dir='ltr'><strong>hos</strong></span> <span class='ocrx_word' id='word_1_451' title='bbox 492 4051 590 4105; x_wconf 86' lang='lat' dir='ltr'><strong>autem</strong></span> <span class='ocrx_word' id='word_1_452' title='bbox 604 4043 682 4104; x_wconf 88' lang='lat' dir='ltr'><strong>lleos</strong></span> <span class='ocrx_word' id='word_1_453' title='bbox 698 4051 768 4102; x_wconf 88' lang='lat' dir='ltr'><strong>octo</strong></span> <span class='ocrx_word' id='word_1_454' title='bbox 782 4039 943 4100; x_wconf 88' lang='lat' dir='ltr'><strong>duodecim</strong></span> <span class='ocrx_word' id='word_1_455' title='bbox 957 4037 1021 4096; x_wconf 86' lang='lat' dir='ltr'><strong>lliia</strong></span> <span class='ocrx_word' id='word_1_456' title='bbox 1034 4035 1278 4117; x_wconf 72' lang='lat' dir='ltr'><strong>prioresbaheri.</strong></span> 
     </span>
     <span class='ocr_line' id='line_1_45' title="bbox 12 4113 1278 4206; baseline 0.002 -25"><span class='ocrx_word' id='word_1_457' title='bbox 12 4113 18 4130; x_wconf 87' lang='lat'><em>&#39;</em></span> <span class='ocrx_word' id='word_1_458' title='bbox 69 4121 172 4182; x_wconf 79' lang='lat' dir='ltr'><strong>&#39;Addit</strong></span> <span class='ocrx_word' id='word_1_459' title='bbox 188 4133 344 4203; x_wconf 87' lang='lat' dir='ltr'><strong>praeterea</strong></span> <span class='ocrx_word' id='word_1_460' title='bbox 358 4125 438 4186; x_wconf 80' lang='lat' dir='ltr'><strong>Pana</strong></span> <span class='ocrx_word' id='word_1_461' title='bbox 460 4127 632 4206; x_wconf 81' lang='lat' dir='ltr'><strong>apictorib.</strong></span> <span class='ocrx_word' id='word_1_462' title='bbox 649 4137 680 4193; x_wconf 79' lang='lat' dir='ltr'><strong>et</strong></span> <span class='ocrx_word' id='word_1_463' title='bbox 696 4125 852 4188; x_wconf 87' lang='lat' dir='ltr'><strong>fictoribus</strong></span> <span class='ocrx_word' id='word_1_464' title='bbox 868 4123 990 4198; x_wconf 80' lang='lat' dir='ltr'><strong>Graecis</strong></span> <span class='ocrx_word' id='word_1_465' title='bbox 1002 4143 1037 4182; x_wconf 90' lang='lat' dir='ltr'><strong>ae</strong></span> <span class='ocrx_word' id='word_1_466' title='bbox 1053 4123 1163 4183; x_wconf 89' lang='lat' dir='ltr'><strong>Latinis</strong></span> <span class='ocrx_word' id='word_1_467' title='bbox 1180 4123 1216 4196; x_wconf 79' lang='lat' dir='ltr'><strong>[l]</strong></span> <span class='ocrx_word' id='word_1_468' title='bbox 1234 4122 1278 4183; x_wconf 88' lang='lat' dir='ltr'><strong>oil-</strong></span> 
     </span>
     <span class='ocr_line' id='line_1_46' title="bbox 80 4201 1278 4294; baseline -0.003 -25"><span class='ocrx_word' id='word_1_469' title='bbox 80 4201 279 4291; x_wconf 79' lang='lat' dir='ltr'><strong>ponpo&#39;ousroe</strong></span> <span class='ocrx_word' id='word_1_470' title='bbox 299 4209 353 4273; x_wconf 75' lang='lat' dir='ltr'><strong>sui</strong></span> <span class='ocrx_word' id='word_1_471' title='bbox 371 4212 576 4294; x_wconf 68' lang='grc' dir='ltr'><strong>τραγοσκελέα.</strong></span> <span class='ocrx_word' id='word_1_472' title='bbox 595 4215 623 4288; x_wconf 83' lang='grc' dir='ltr'><strong>,ἰ.</strong></span> <span class='ocrx_word' id='word_1_473' title='bbox 643 4235 668 4276; x_wconf 93' lang='lat' dir='ltr'><strong>e.</strong></span> <span class='ocrx_word' id='word_1_474' title='bbox 688 4210 911 4292; x_wconf 81' lang='lat' dir='ltr'><strong>facieeaprina</strong></span> <span class='ocrx_word' id='word_1_475' title='bbox 931 4217 965 4270; x_wconf 86' lang='lat' dir='ltr'><strong>et</strong></span> <span class='ocrx_word' id='word_1_476' title='bbox 989 4207 1130 4269; x_wconf 87' lang='lat' dir='ltr'><strong>cruribus</strong></span> <span class='ocrx_word' id='word_1_477' title='bbox 1153 4206 1278 4268; x_wconf 88' lang='lat' dir='ltr'><strong>hircinis</strong></span> 
     </span>
     <span class='ocr_line' id='line_1_47' title="bbox 81 4291 1249 4378; baseline 0.004 -27"><span class='ocrx_word' id='word_1_478' title='bbox 81 4291 160 4374; x_wconf 84' lang='lat' dir='ltr'><strong>pingi</strong></span> <span class='ocrx_word' id='word_1_479' title='bbox 175 4301 204 4354; x_wconf 89' lang='lat' dir='ltr'><strong>et</strong></span> <span class='ocrx_word' id='word_1_480' title='bbox 218 4295 317 4378; x_wconf 87' lang='lat' dir='ltr'><strong>sculpi</strong></span> <span class='ocrx_word' id='word_1_481' title='bbox 330 4297 436 4359; x_wconf 81' lang='lat' dir='ltr'><strong>solare·</strong></span> <span class='ocrx_word' id='word_1_482' title='bbox 618 4327 627 4338; x_wconf 51' lang='grc' dir='ltr'>ν</span> <span class='ocrx_word' id='word_1_483' title='bbox 1246 4363 1249 4370; x_wconf 56' lang='grc'>,</span> 
     </span>
     <span class='ocr_line' id='line_1_48' title="bbox 164 4373 1278 4465; baseline -0.004 -23"><span class='ocrx_word' id='word_1_484' title='bbox 164 4381 213 4443; x_wconf 72' lang='lat'><strong>12.</strong></span> <span class='ocrx_word' id='word_1_485' title='bbox 235 4401 349 4442; x_wconf 84' lang='lat' dir='ltr'><strong>uroar</strong></span> <span class='ocrx_word' id='word_1_486' title='bbox 371 4383 525 4444; x_wconf 76' lang='lat' dir='ltr'><strong>Consua</strong></span> <span class='ocrx_word' id='word_1_487' title='bbox 545 4381 714 4465; x_wconf 73' lang='lat' dir='ltr'><strong>dacem]</strong></span> <span class='ocrx_word' id='word_1_488' title='bbox 736 4375 820 4462; x_wconf 82' lang='lat' dir='ltr'><strong>Virg.</strong></span> <span class='ocrx_word' id='word_1_489' title='bbox 836 4381 937 4456; x_wconf 85' lang='lat' dir='ltr'><strong>¹Gallo,</strong></span> <span class='ocrx_word' id='word_1_490' title='bbox 956 4375 998 4459; x_wconf 84' lang='lat' dir='ltr'><strong>[v.</strong></span> <span class='ocrx_word' id='word_1_491' title='bbox 1012 4377 1078 4458; x_wconf 56' lang='lat'><strong>26]</strong></span> <span class='ocrx_word' id='word_1_492' title='bbox 1097 4373 1175 4452; x_wconf 82' lang='lat' dir='ltr'><strong>Pon,</strong></span> <span class='ocrx_word' id='word_1_493' title='bbox 1197 4373 1278 4438; x_wconf 83' lang='lat' dir='ltr'><strong>Deae</strong></span> 
     </span>
     <span class='ocr_line' id='line_1_49' title="bbox 82 4460 1278 4548; baseline -0.009 -22"><span class='ocrx_word' id='word_1_494' title='bbox 82 4460 242 4526; x_wconf 78' lang='lat' dir='ltr'><strong>Arcadiae.</strong></span> <span class='ocrx_word' id='word_1_495' title='bbox 285 4468 415 4529; x_wconf 76' lang='lat' dir='ltr'><strong>Arcadia</strong></span> <span class='ocrx_word' id='word_1_496' title='bbox 428 4467 570 4534; x_wconf 80' lang='lat' dir='ltr'><strong>frumeuti</strong></span> <span class='ocrx_word' id='word_1_497' title='bbox 588 4471 682 4532; x_wconf 84' lang='lat' dir='ltr'><strong>ferax.</strong></span> <span class='ocrx_word' id='word_1_498' title='bbox 714 4465 806 4548; x_wconf 79' lang='lat' dir='ltr'><strong>Nigra</strong></span> <span class='ocrx_word' id='word_1_499' title='bbox 820 4478 917 4528; x_wconf 88' lang='lat' dir='ltr'><strong>autem</strong></span> <span class='ocrx_word' id='word_1_500' title='bbox 933 4472 1013 4526; x_wconf 88' lang='lat' dir='ltr'><strong>terra</strong></span> <span class='ocrx_word' id='word_1_501' title='bbox 1027 4461 1185 4524; x_wconf 76' lang='lat' dir='ltr'><strong>humentis</strong></span> <span class='ocrx_word' id='word_1_502' title='bbox 1201 4462 1278 4542; x_wconf 88' lang='lat' dir='ltr'><strong>opti.</strong></span> 
     </span>
     <span class='ocr_line' id='line_1_50' title="bbox 83 4545 1327 4639; baseline -0.001 -31"><span class='ocrx_word' id='word_1_503' title='bbox 83 4569 137 4612; x_wconf 89' lang='lat' dir='ltr'><strong>ma.</strong></span> <span class='ocrx_word' id='word_1_504' title='bbox 155 4548 269 4612; x_wconf 87' lang='lat' dir='ltr'><strong>ieciroo</strong></span> <span class='ocrx_word' id='word_1_505' title='bbox 286 4554 388 4634; x_wconf 77' lang='lat' dir='ltr'><strong>nigros</strong></span> <span class='ocrx_word' id='word_1_506' title='bbox 403 4554 549 4639; x_wconf 72' lang='lat' dir='ltr'><strong>Arcadiae</strong></span> <span class='ocrx_word' id='word_1_507' title='bbox 561 4556 666 4618; x_wconf 88' lang='lat' dir='ltr'><strong>colleia</strong></span> <span class='ocrx_word' id='word_1_508' title='bbox 683 4555 769 4618; x_wconf 81' lang='lat' dir='ltr'><strong>dixit.</strong></span> <span class='ocrx_word' id='word_1_509' title='bbox 792 4553 874 4635; x_wconf 80' lang='lat' dir='ltr'><strong>Virg.</strong></span> <span class='ocrx_word' id='word_1_510' title='bbox 888 4553 998 4630; x_wconf 81' lang='lat' dir='ltr'><strong>Georg·</strong></span> <span class='ocrx_word' id='word_1_511' title='bbox 1013 4553 1043 4617; x_wconf 82' lang='lat'><strong>2·</strong></span> <span class='ocrx_word' id='word_1_512' title='bbox 1060 4545 1103 4630; x_wconf 83' lang='lat' dir='ltr'><strong>[v.</strong></span> <span class='ocrx_word' id='word_1_513' title='bbox 1118 4546 1203 4628; x_wconf 63' lang='grc'><strong>203]</strong></span> <span class='ocrx_word' id='word_1_514' title='bbox 1218 4545 1278 4625; x_wconf 74' lang='lat' dir='ltr'><strong>Ne,</strong></span> <span class='ocrx_word' id='word_1_515' title='bbox 1323 4567 1327 4576; x_wconf 92' lang='lat'>·</span> 
     </span>
    </p>
   </div>
   <div class='ocr_carea' id='block_1_19' title="bbox 0 0 1469 5050">
    <p class='ocr_par' dir='ltr' id='par_1_20' title="bbox 0 0 1469 5050">
     <span class='ocr_line' id='line_1_51' title="bbox 0 0 1469 5050; baseline 0 0"><span class='ocrx_word' id='word_1_516' title='bbox 0 0 1469 5050; x_wconf 95' lang='lat' dir='ltr'><strong> </strong></span> 
     </span>
    </p>
   </div>
  </div>
 </body>
</html>
