2884 5044
152 283 216 376 fio,
424 341 427 356 .
527 272 729 342 nouam
756 271 979 336 utuntur.
1209 293 1219 332 r

151 445 202 508 vel
218 443 260 520 sir
271 447 335 510 rade
346 442 381 511 sd
392 439 624 526 συμβησόμενον
636 441 753 526 βέλτιον
771 443 884 526 φέρειν.
905 441 1014 521 idest,
1035 452 1071 504 ut
1082 442 1207 518 lortius,
1230 449 1284 503 rut
1299 429 1353 500 ἰοί·
1429 455 1430 528 j

152 531 257 605 uilius,
282 531 427 611 quicquid
448 531 580 602 accidet,
603 531 691 590 seras.
715 551 811 610 neque
836 528 1088 609 veroquisquam
1111 526 1354 588 subaudiendum

152 627 208 680 est.
230 619 274 676 sio
288 617 365 676 enim
380 617 547 696 loquuntur
562 617 679 681 Graeci,
694 614 744 688 'oie
758 614 871 696 φέρειν.
886 613 918 674 id
934 623 995 687 est,
1016 616 1142 694 ratpoti.
1158 613 1247 677 etita
1262 611 1354 670 bins-

152 721 204 764 rer
225 711 256 762 et
277 703 426 763 Erasmus.
475 702 516 762 At
538 701 673 762 Muretus
700 699 772 780 legit
794 720 864 760 cum
885 700 1126 779 interrogatione.
1182 699 1223 758 Ut
1242 699 1355 756 nulim
1430 701 1431 738 ἓ

151 785 302 868 quioquid
314 789 371 846 erit
380 785 474 866 pati?
496 785 528 848 id
548 796 606 858 est,
629 805 719 866 quam
742 787 909 846 meliorest
928 785 1008 868 pati,
1030 783 1176 865 quioquid
1195 781 1355 844 evenerit?

152 891 241 954 quam
257 871 489 952 explicationem
504 893 565 931 raon
583 871 738 951 improbo:
761 881 836 950 puto
849 881 950 930 tomen
964 870 1008 930 sic
1023 871 1125 950 potius
1142 889 1232 950 posse
1249 869 1356 949 expli-

26 1033 31 1040 ·
152 957 230 1036 cari:
251 977 307 1018 neo
322 956 505 1037 babylonios
518 959 643 1018 tentaris
658 977 799 1016 numeros
817 955 860 1032 adr
875 953 993 1035 βέλτιον
1007 951 1053 1018 ὄν.
1073 953 1187 1031 idest,
1207 964 1357 1034 tanquam
1431 987 1432 994 .

150 1042 260 1102 melius
280 1043 424 1122 quiddam
444 1043 500 1120 sit,
523 1044 594 1123 pati,
619 1041 764 1122 quicquid
784 1041 946 1113 acciderit,
968 1061 1056 1120 quam
1078 1043 1182 1100 lutura
1203 1040 1358 1122 praescire
1431 1087 1432 1096 ,

74 1163 76 1168 ·
150 1123 239 1192 velle.
253 1129 330 1188 solet
344 1129 423 1188 enim
438 1129 480 1189 ita
497 1129 583 1208 loqui
601 1129 720 1203 Horat„
735 1137 770 1188 ut
783 1129 882 1207 Satyr.
897 1132 927 1193 8.
943 1125 996 1186 lib.
1011 1133 1042 1194 2.
1057 1125 1134 1206 [89]
1157 1129 1200 1186 Et
1218 1127 1358 1204 leporum

140 1213 297 1288 ‘avulsum
319 1225 355 1272 ut
366 1217 467 1294 ,multo
487 1217 635 1288 suavius,
656 1234 768 1274 armos.
810 1213 911 1293 Atque
932 1207 1011 1270 itane
1034 1211 1264 1292 explicationem
1283 1227 1357 1270 uum

151 1295 205 1358 lsio
222 1299 344 1378 legisset
359 1299 433 1360 adr.
451 1299 625 1372 Turnebus,
647 1299 805 1379 probatam
820 1298 852 1358 in
870 1295 1041 1358 adversaria
1056 1317 1109 1356 sua
1124 1295 1237 1356 retulit.
1274 1334 1276 1347 .
1432 1299 1433 1302 ’

237 1389 268 1449 4.
289 1385 365 1444 Suu
384 1381 552 1444 ruuusss
574 1381 737 1463 ussurus]
759 1379 1195 1442 videturlriemisnomenboo
1212 1381 1358 1442 looouon

152 1467 348 1550 simpliciter,
370 1491 427 1530 neo
444 1491 504 1530 uno
521 1470 610 1530 modo
625 1469 716 1550 poni,
738 1467 790 1528 sed
807 1467 934 1532 duobus.
977 1468 1052 1528 Nem
1069 1465 1207 1544 hiemem,
1223 1466 1281 1525 nisi
1294 1466 1360 1524 sal·-

153 1555 220 1630 lor,
241 1551 293 1614 hie
311 1553 478 1632 intelligere
504 1553 645 1614 debemus
673 1553 744 1614 snni
762 1563 897 1634 tempus,
920 1551 953 1613 id
974 1562 1034 1630 est,
1055 1551 1208 1613 brumam:
1231 1560 1266 1610 ut
1282 1569 1358 1631 pars

154 1639 225 1698 anni
249 1649 346 1700 totum
368 1659 479 1700 annum
501 1640 661 1717 significet:
683 1649 714 1700 et
740 1639 854 1719 plureis
881 1637 1013 1714 hiemes,
1041 1637 1155 1717 plureis
1182 1657 1291 1712 aanor,
1318 1643 1358 1695 ut

155 1721 213 1782 Od.
229 1744 282 1782 xv.
298 1723 386 1784 huius
401 1725 453 1784 lib.
469 1724 545 1805 [δᾶ]
567 1729 643 1784 Part
655 1736 753 1784 certor
767 1725 956 1786 hierriesuret
967 1723 1127 1784 Acunum
1138 1723 1224 1802 Ignis
1238 1723 1358 1782 Iliacas

155 1805 271 1870 densos.
292 1809 337 1870 sie
354 1809 433 1889 Virg.
447 1811 479 1870 in
494 1811 588 1890 Tityr.
613 1811 692 1891 [ilci.
706 1831 726 1882 1,
742 1811 811 1890 70.]
834 1814 912 1870 Post
926 1809 1049 1889 aliquot
1059 1829 1125 1868 ntea
1137 1829 1233 1889 regna
1247 1805 1358 1866 videns

155 1894 291 1952 mirabor
305 1897 429 1954 aristas.
452 1895 504 1956 sed
520 1916 597 1976 quaa
616 1905 784 1976 sequuntur
798 1895 958 1976 deinceps,
981 1903 1098 1956 servata
1113 1893 1217 1954 eedem
1237 1891 1357 1972 signifi-

154 1977 275 2040 ustione
290 1991 426 2041 constare
446 2003 506 2042 non
522 1991 658 2062 possunt.
698 1981 773 2040 llam
788 1980 864 2041 baec
878 1979 987 2051 rerba,
1011 1981 1096 2056 Quos
1110 2000 1190 2038 nureo
1206 1979 1358 2057 oppositio
1385 2053 1389 2064 .

155 2063 297 2124 debilitat
310 2060 488 2146 pumiorbm
507 2088 608 2142 mare,
628 2066 848 2148 proculdubio
867 2065 910 2127 ito
932 2065 1057 2144 intelligi
1076 2085 1136 2124 non
1154 2073 1297 2146 possunt,
1317 2071 1359 2122 ut

78 2167 81 2183 ¹
155 2147 291 2210 dicemus
308 2172 437 2230 annum,
462 2151 515 2232 qui
533 2147 614 2212 nuno
628 2151 765 2219 debilitat
783 2162 849 2227 etc,
868 2149 1074 2224 ardhimium,
1091 2149 1191 2225 iussa,
1212 2151 1356 2229 χειμῶνα,

155 2235 283 2314 undam,
306 2237 445 2311 fluctum,
469 2246 691 2318 tempestatem,
713 2237 825 2318 quibus
845 2256 926 2296 mere
953 2235 1127 2296 debilitatur
1147 2255 1182 2296 sc
1205 2236 1358 2312 frangitur

156 2321 236 2382 saxis
261 2323 418 2400 oppositis.
441 2331 476 2384 ut
489 2322 571 2402 apud
586 2324 706 2384 Pindsr.
728 2325 814 2402 ἰοθμ.
830 2323 883 2384 stt.
897 2319 954 2383 irs.
976 2321 1044 2401 [vn.
1059 2325 1096 2386 51
1113 2317 1170 2400 sq.]
1191 2313 1283 2382 'Atti
1296 2323 1358 2382 νῦν

156 2427 209 2486 μοι
226 2403 372 2485 Γαιάοχος
389 2400 494 2470 edittae
506 2403 627 2470 ὤπασεν
638 2401 688 2472 Ἐκ
699 2412 854 2488 χειμῶνος.
878 2407 911 2466 id
928 2415 982 2481 est,
996 2405 1055 2466 Sed
1065 2425 1147 2466 nunc
1161 2403 1233 2466 mibi
1241 2405 1359 2485 Neptu-

155 2509 212 2550 uus
231 2492 475 2571 tranquillitatem
497 2491 608 2556 obtulit
624 2513 663 2554 ex
684 2501 861 2572 tempestate
883 2499 914 2551 et
935 2489 1041 2552 hiems.
1084 2489 1131 2550 Ad
1154 2488 1235 2549 huna
1252 2489 1357 2550 locum

121 2618 126 2632 .
154 2576 310 2656 pertinent
322 2577 374 2636 illa
389 2579 550 2654 Ciceronis,
572 2597 649 2658 quse
661 2587 732 2638 suut
744 2577 776 2636 in
789 2577 876 2657 epist.
891 2575 932 2636 ad
948 2575 1072 2636 Paetum
1086 2574 1137 2636 lib.
1153 2581 1182 2642 9.
1199 2574 1248 2651 [sd
1267 2573 1356 2634 Dirr.

158 2663 283 2742 rx,16.]
308 2663 409 2740 Quam
423 2665 561 2722 existimo
571 2663 665 2721 levem
679 2661 911 2736 ttimbeoillarrs,
933 2661 973 2720 ab
987 2665 1089 2720 arunso
1098 2661 1195 2740 firrrw
1211 2671 1239 2718 ct
1250 2661 1356 2739 gravi,

160 2755 309 2826 tanquam
315 2749 450 2826 fluctum
464 2769 485 2807 o
498 2751 579 2806 ‘saxo
590 2749 705 2826 frangi
724 2757 864 2826 oportere.
909 2745 960 2806 Sic
980 2745 1137 2817 Lucretius
1150 2747 1235 2812 littus
1256 2743 1358 2804 tluoti-

160 2831 276 2910 lrsgum
305 2831 384 2892 dixit
400 2832 450 2892 lib.
469 2838 494 2898 t.
518 2831 617 2912 [sou]
642 2841 806 2915 propterea
825 2829 908 2914 quod
927 2831 1039 2894 ssuctus
1057 2831 1098 2892 td
1117 2831 1203 2892 littus
1222 2830 1295 2890 illisi
1316 2829 1356 2904 ab

126 2925 129 2932 ⁴
160 2937 197 2976 so
210 2917 387 2996 tranguntur
399 2927 430 2978 et
448 2917 654 2978 debilitentur.

243 3001 456 3078 6.'Ssr1ss,
477 3021 574 3063 vrrs
593 3003 755 3085 arouse]
776 3003 807 3064 id
823 3011 876 3083 est,
892 3003 940 3064 sse
957 3006 1074 3084 rapias,
1094 3003 1143 3064 lac
1159 3003 1233 3064 virro
1248 3002 1356 3082 liques.

158 3088 226 3148 vult
240 3087 381 3170 sapientis
398 3109 470 3162 esse,
493 3087 524 3148 in
538 3087 628 3149 rebus
643 3090 728 3150 seriis
750 3110 785 3150 sc
798 3090 910 3152 severis
924 3110 983 3149 non
999 3089 1125 3150 multum
1142 3090 1285 3168 temporis
1300 3109 1358 3168 po·

158 3195 247 3236 neres
267 3175 298 3234 iu
310 3173 392 3249 vino,
406 3173 503 3254 epulis
515 3183 547 3234 et
558 3175 766 3256 voluptatibus
779 3177 935 3236 maximam
951 3177 1030 3234 vitae
1044 3185 1158 3253 partem
1171 3193 1357 3250 consumere,

158 3267 195 3319 ut
210 3279 276 3340 sup.
293 3259 335 3339 [7,
352 3257 416 3338 η]
435 3263 483 3317 sio
497 3269 532 3318 tu
543 3263 665 3340 sapiens
670 3262 768 3341 finire
786 3271 930 3321 memoro
954 3263 1140 3338 l'rr'ets'tiam,
1157 3262 1296 3338 vitaeque
1309 3259 1358 3317 Ia-

158 3344 254 3404 borrs.
276 3345 444 3405 Priscianus
458 3343 511 3404 lib.
529 3349 578 3412 18.
591 3343 674 3406 bunc
687 3347 788 3408 locum
802 3347 946 3427 producit
961 3355 992 3404 et
1012 3349 1120 3426 sopior
1134 3345 1202 3406 vult
1222 3365 1285 3404 esse
1299 3365 1358 3426 po-

159 3429 249 3490 situm
271 3451 346 3510 pro,
368 3433 397 3490 ri
417 3433 532 3510 sapiae.
553 3425 656 3511 potest
669 3442 767 3492 tamen
786 3434 828 3492 iu
848 3433 1012 3512 explicari,
1034 3439 1070 3490 ut
1092 3451 1146 3510 ego
1163 3430 1267 3512 paullo
1288 3438 1358 3489 sate

159 3514 288 3577 ostendi.
319 3519 395 3576 vino
418 3515 538 3594 liquore
566 3526 666 3577 sutem
687 3517 817 3597 positum
842 3537 899 3596 pro
920 3517 990 3614 virp
1011 3535 1149 3598 promere
1170 3513 1357 3588 attondere,

158 3609 282 3681 potare:
303 3601 352 3660 rel
368 3600 557 3661 referendum
571 3602 610 3662 sd
623 3612 761 3664 veterum
775 3601 916 3673 delicias,
939 3601 992 3680 qui
1014 3601 1143 3661 sacculis
1160 3611 1191 3662 et
1212 3599 1287 3660 colis
1309 3599 1359 3658 vi-

159 3685 251 3746 nariis
271 3685 340 3745 vina
364 3687 560 3766 percolebant
580 3695 610 3748 et
628 3687 800 3768 liquabant,
821 3697 857 3748 ut
872 3695 971 3748 essent
987 3686 1160 3768 liquidiora,
1182 3701 1274 3766 quam
1301 3705 1359 3746 ex·

158 3771 351 3852 plicationem
367 3771 475 3850 probat
493 3771 639 3834 Muretus.
662 3783 667 3795 “

165 3883 171 3894 ·
244 3861 274 3922 6.
301 3857 352 3915 Er
379 3877 516 3917 srsrro
542 3877 660 3918 ssarr
681 3863 760 3934 stu]
796 3867 908 3938 quanto
928 3855 1051 3918 brevius
1072 3865 1118 3918 est
1137 3865 1259 3917 nostm
1278 3854 1359 3916 ritas

158 3941 306 4022 spatium,
327 3951 411 4001 tanto
434 3942 532 4002 minus
557 3944 806 4022 longse'nostrae
826 3964 895 4024 spes
914 3961 978 4004 esse
1001 3942 1121 4006 debent.
1162 3943 1239 4002 Sunt
1259 3952 1358 4002 autem

160 4029 225 4088 eius
248 4046 317 4106 spes
340 4017 460 4104 lonigas,
488 4030 618 4108 exempli
639 4049 746 4100 ususs,
775 4029 829 4109 qui
849 4029 980 4088 iucunde
1001 4027 1124 4086 vivendi
1146 4026 1359 4088 eonsilium'iu

150 4129 270 4171 ‘annuns
285 4111 432 4172 decimum
448 4111 575 4182 differat,
595 4133 663 4174 cuns
681 4117 720 4176 sit
736 4115 859 4174 tortasse
871 4113 1026 4192 postridie,
1047 4115 1139 4172 immo
1155 4131 1227 4172 vero
1245 4132 1279 4171 eo
1292 4112 1360 4192 ipso

161 4197 211 4258 dis
233 4197 416 4258 moriturus.
436 4199 519 4276 quod
539 4207 623 4259 vetat
646 4200 731 4280 epist.
755 4199 793 4259 sd
814 4199 977 4260 flullatium
997 4197 1050 4258 lib.
1074 4203 1101 4260 1.
1124 4195 1187 4275 [ll.
1208 4196 1274 4278 22]
1314 4197 1361 4258 Tu

158 4303 387 4363 quamcumque
402 4285 489 4344 Deus
510 4284 568 4342 tibi
576 4285 790 4362 fortunaverit
808 4283 933 4361 horam,
954 4285 1059 4345 Grata
1075 4303 1160 4340 rums
1179 4303 1286 4358 manu,
1308 4304 1371 4342 neo·

92 4391 95 4398 ·
161 4365 271 4426 datam
284 4367 382 4450 differ
394 4372 430 4428 irs
449 4389 575 4433 manum.
596 4369 701 4432 similis
715 4379 762 4434 est
777 4367 850 4431 haic
864 4371 933 4431 loco
952 4369 997 4449 is,
1018 4367 1072 4450 qui
1092 4377 1138 4429 est
1151 4385 1218 4447 sup.
1240 4367 1300 4429 Od.
1312 4385 1361 4430 rr.

230 4550 255 4617 'l
273 4552 306 4608 V.
322 4549 349 4608 4.
366 4556 472 4612 triburi.
