2894 5052
317 197 324 294 Ῐ
353 242 463 308 tm.
484 242 523 306 n.
566 243 739 346 ΜΨ.
780 261 811 308 v.
835 248 981 316 sa-es·
1226 254 1293 318 soa
1347 263 1351 280 ·

170 417 223 482 26.
254 414 439 498 Servare
469 434 624 478 carrusa
651 413 868 498 suanacas]
901 415 1010 499 quibm
1033 417 1136 498 parcis
1158 427 1290 500 atquae

88 501 221 560 custodis
238 499 470 567 accuratissime.
1279 511 1285 528 ⁸

170 591 225 652 26.
242 589 292 654 27.
316 605 359 645 er
380 605 484 646 uano
507 587 689 647 T1naner
708 584 863 668 serrem]
885 589 927 648 ita
946 589 1019 650 vino
1043 609 1102 650 non
1118 597 1233 669 parcet,
1255 599 1290 650 ut
1323 584 1333 634 l

88 670 233 732 eriam-eo
249 671 347 730 solum
368 681 536 750 respergat:
558 673 608 751 nel
625 682 743 732 tantum
757 673 857 750 bibet,
879 675 1029 734 utstatim
1050 673 1183 736 effundat
1200 685 1289 754 utque
1324 741 1335 752 ,Ι

88 765 215 816 evomat.
243 756 285 818 M.
297 755 378 818 Tull.
400 753 529 838 Philipp.
545 763 576 822 2.
593 756 756 838 [41‚105.]
777 759 822 819 Aa
840 779 906 820 vero
920 774 947 818 te
961 755 1107 842 inquilino
1121 756 1197 839 (non
1213 761 1290 819 enim

88 837 225 921 domino)
237 839 438 921 personabunt
453 843 552 902 omnio
566 841 687 903 vocibus
701 841 857 920 ebriorum,
873 843 1016 904 nutabunt
1027 845 1199 924 pavimenta
1209 846 1288 918 vino,
1365 877 1367 884 v

86 923 246 984 madebant
266 927 401 1006 parietes.
444 926 621 987 *Athenaeus
639 928 754 988 scribit.
772 927 825 992 lib.
842 929 919 1004 15.,·
930 929 1133 988 Alexandrum
1150 948 1288 1006 magnum

86 1011 207 1070 solitum
228 1009 320 1070 luisse
341 1022 493 1088 unguento
519 1015 770 1092 praestantissimo
789 1014 921 1094 vinoque
938 1014 1171 1090 fragrantissimo
1192 1015 1289 1074 solum

18 1097 19 1154 ἶ
85 1115 270 1176 respergere.
314 1097 416 1156 Potest
433 1107 462 1156 et
479 1096 516 1156 nd
534 1107 664 1158 veterem
679 1099 887 1158 conviviorum
901 1117 1014 1168 morem
1029 1099 1145 1174 referri,
1166 1099 1198 1158 in
1216 1101 1290 1178 qui-

85 1181 140 1240 bus
162 1181 301 1242 solebant
322 1201 486 1260 puerorum
506 1192 557 1242 out
574 1184 759 1262 puellarum,
783 1204 857 1262 quas
876 1184 1029 1260 amabant,
1055 1194 1107 1246 aut
1125 1185 1289 1244 amicorum

86 1287 208 1326 suorum
225 1265 396 1326 nominihus
410 1269 649 1328 commemoratis
668 1289 704 1328 ac
740 1269 846 1330 relatis
859 1270 962 1330 vinum
977 1271 1007 1328 in
1019 1268 1143 1330 humum
1155 1269 1280 1330 fundere
1379 1311 1383 1328 .

86 1351 167 1432 quod
186 1351 321 1414 declarat
340 1371 448 1412 versus
468 1351 593 1416 Theocr.
611 1355 666 1416 eld-
684 1377 695 1416 ι
725 1395 733 1412 .
755 1317 1294 1436 [v.18.]”thutoporo'vsoettstl

85 1437 257 1517 lanzelotus
277 1431 418 1518 depascar.
447 1437 480 1498 id
496 1441 565 1520 'aab
595 1439 655 1500 iam
675 1449 774 1500 autem
799 1439 1009 1517 progrediente
1027 1439 1168 1513 convivio
1191 1439 1290 1500 visum

86 1533 129 1582 est
145 1542 262 1582 merum
278 1522 447 1585 infundere.
469 1523 472 1533 “
489 1523 593 1603 Neque
607 1543 682 1584 vero
696 1523 770 1602 mihi
789 1525 963 1604 displiceat,
986 1524 1012 1584 si
1036 1526 1102 1606 quis
1127 1525 1218 1599 dicat,
1240 1523 1291 1584 bic

84 1607 247 1686 significari
264 1607 301 1668 eh
314 1607 441 1668 Horatio
456 1607 542 1668 illum
555 1610 740 1669 Graecorum
755 1631 868 1670 morem
877 1655 886 1687 ‚
909 1612 960 1690 qui
975 1620 1039 1671 erat
1054 1610 1240 1686 huiusmodi,
1255 1619 1291 1671 ut
1330 1656 1335 1670 .

84 1695 125 1766 is,
142 1697 200 1773 qui
221 1695 307 1774 prior
328 1693 466 1768 bibebat,
490 1713 559 1754 cum
576 1693 761 1774 aliquantum
783 1693 947 1772 hausisset,
969 1695 1117 1776 reliquum
1138 1695 1182 1755 sic
1200 1717 1217 1758 e
1233 1715 1292 1775 po-

85 1779 156 1838 culo
181 1778 368 1853 effunderet,
389 1789 425 1838 ut
443 1777 475 1837 id
495 1789 664 1856 resonaret,
678 1777 770 1860 'quod
793 1781 934 1842 dicebant
954 1774 1208 1862 ἆποκοτταβίζειν.
1230 1782 1290 1842 Xe·

85 1862 178 1944 noph.
201 1863 300 1942 ἱλλην.
316 1865 393 1945 delli·
410 1857 446 1945 β.
467 1861 508 1941 [c.
524 1866 544 1930 8
558 1864 649 1945 extu]
671 1865 708 1925 de
722 1866 922 1947 Theramene,
945 1866 997 1936 aral
1016 1865 1081 1930 terei
1098 1888 1132 1950 ys
1153 1860 1291 1947 ἀποθνή-

86 1969 169 2012 σκειν
194 1942 433 2030 α’ναγκαζόμενος
452 1945 487 2012 co'
501 1944 629 2014 κώνειον
649 1949 729 2026 tnta,
752 1947 785 2016 sd
801 1946 978 2032 λειπόμενον
992 1949 1114 2038 leucoe·
1127 1943 1290 2014 ainonens-

18 2037 19 2114 j
86 2036 215 2115 βίσαντα
237 2035 333 2096 εἰπεῖν
354 2027 461 2114 adarim
484 2037 595 2120 Κριτίᾳ
610 2027 696 2106 τοῦτ’
711 2035 785 2099 ἔστω
805 2041 848 2122 τῷ
864 2039 956 2122 καλῷ.
979 2055 1055 2114 quae
1079 2035 1174 2096 verba
1196 2036 1291 2098 vertit

85 2120 125 2180 M.
142 2119 224 2180 Tull.
238 2119 330 2182 Tuae.
343 2123 371 2185 1.
389 2119 457 2198 [40,
473 2117 540 2199 96]
556 2119 610 2180 sed
626 2141 708 2180 more
722 2141 787 2198 suo,
809 2122 911 2198 idest,
933 2121 1036 2202 paullo
1049 2119 1184 2196 liberius,
1201 2140 1291 2199 quam

86 2205 196 2264 audeat
216 2204 374 2282 religiosus
391 2205 560 2284 interpres,
581 2204 641 2264 hoc
655 2205 764 2280 modo,
788 2207 840 2283 qut
855 2223 920 2262 cum
938 2208 1086 2264 coniectus
1099 2205 1130 2262 in
1146 2216 1290 2266 carcerem
1412 2251 1416 2269 ,

87 2293 212 2371 rn'gintn
231 2289 311 2348 iussu
332 2303 521 2366 tyrannorum
536 2311 689 2364 venenum,
712 2301 744 2346 ut
761 2287 878 2363 sitiens,
901 2283 1074 2358 oblitum,
1097 2286 1159 2367 (vel
1176 2289 1292 2362 urdo-

87 2373 215 2434 ctissimi
232 2373 291 2434 viri
306 2374 428 2450 legunt,
449 2371 639 2453 obduxisset)
655 2369 798 2453 reliquum
811 2371 856 2430 sic
867 2394 883 2429 e
893 2368 1003 2451 poculo
1018 2371 1115 2442 eiecit,
1139 2384 1171 2426 aa
1189 2365 1223 2422 id
1242 2388 1292 2424 re-

87 2471 215 2520 sonaret.
237 2458 333 2516 Docet
346 2465 444 2516 sutem
460 2455 626 2516 Athenaeus
640 2457 749 2520 lib.11·
765 2454 809 2533 [c.
824 2453 881 2532 9.],
897 2453 1051 2514 cottebunr
1071 2469 1088 2510 a
1101 2448 1210 2510 Siculis
1223 2450 1292 2530 pri-

18 2553 19 2596 ῗ
87 2565 170 2606 mum
184 2542 390 2604 introductum
405 2561 469 2606 esee
484 2542 516 2600 in
533 2541 691 2616 convivio,
713 2548 890 2618 tantumque
906 2537 1001 2598 studii
1015 2537 1047 2596 in
1062 2555 1097 2596 eo
1113 2534 1186 2596 ludo
1200 2544 1292 2596 rate-

86 2649 135 2690 res
148 2628 296 2712 posuisse,
317 2637 352 2687 ut
367 2627 455 2688 etism
472 2627 613 2706 pruentia,
635 2645 712 2706 quae
726 2619 870 2704 κοττάβια
881 2623 1067 2696 dicebantur,
1079 2627 1291 2700 proponerent.
1311 2685 1315 2696 ,

88 2725 118 2775 et
129 2715 240 2776 calices
255 2705 376 2794 (inquitl
391 2713 443 2792 qui
459 2711 497 2775 ed
511 2733 574 2772 eam
586 2731 649 2772 rem
664 2711 791 2770 maxime
807 2709 897 2770 utiles
910 2717 940 2769 et
956 2706 1059 2766 idonei
1073 2726 1137 2768 esse
1152 2705 1292 2778 videren—
1311 2773 1314 2780 Δ

87 2809 155 2878 tur,
179 2795 422 2860 conficiebantur.
466 2793 556 2880 (Vide
570 2797 653 2876 apud
665 2795 787 2856 Suidam
803 2788 986 2876 dsuomdfip
1001 2791 1110 2870 plura.)
1144 2790 1223 2850 Tum
1238 2809 1292 2848 ro-

87 2887 184 2946 tunde
206 2884 358 2944 domicilia
377 2881 627 2959 aedificabantur,
649 2890 685 2940 ut
700 2901 802 2941 omnes
818 2879 939 2938 cottabo
958 2877 991 2936 in
1006 2875 1105 2936 medio
1119 2875 1232 2956 locato,
1255 2895 1294 2936 ex

88 2991 186 3050 aequo
205 2969 385 3044 intervallo,
408 2977 438 3028 et
459 2967 535 3028 locis
554 2965 700 3026 similibus
715 2987 750 3026 sc
769 2963 906 3044 paribus,
928 2961 1112 3041 devictoris
1131 2968 1291 3022 certarent.
1380 3015 1384 3028 ,

88 3057 156 3116 Non
175 3053 254 3115 enim
276 3055 374 3114 solum
390 3072 498 3131 magno
520 3053 621 3110 studio
644 3041 882 3122 contendebant,
904 3057 938 3107 ut
953 3046 998 3108 ed
1007 3048 1123 3125 signum
1146 3044 1294 3127 proposi-

87 3152 164 3204 tum¹
173 3139 280 3222 poculi
298 3137 442 3218 reliquias
457 3139 612 3199 eiicerent:
635 3136 688 3197 sed
710 3137 796 3196 etiam
812 3145 847 3194 ut
866 3133 998 3210 singula,
1020 3151 1097 3212 quae
1115 3131 1147 3190 in
1165 3152 1201 3192 eo
1220 3129 1293 3190 ludc

86 3223 334 3300 intercedebant,
357 3233 483 3286 venuste
503 3243 539 3286 ao
557 3222 696 3282 decenter
716 3221 877 3282 efficerent.
921 3217 1090 3298 Oportebat
1107 3216 1184 3276 enim
1205 3217 1293 3276 laevo

88 3311 196 3372 cubito
212 3311 388 3370 innitentem
407 3319 437 3370 et
455 3309 572 3386 lataga,
593 3307 624 3368 id
644 3317 703 3380 est,
724 3307 892 3385 reliquum,
916 3303 1000 3382 quod
1017 3299 1189 3363 eiiciebntur
1209 3319 1225 3360 e
1242 3319 1302 3384 cas
1322 3313 1327 3320 '

86 3397 168 3472 lice,
193 3395 427 3456 dextera-manu
448 3393 697 3470 circumegentem
715 3393 847 3452 molliter
862 3389 981 3450 eiicere.
1025 3386 1101 3448 Vide
1120 3385 1201 3465 opud
1219 3405 1294 3446 eun·
1378 3399 1381 3419 ·

89 3482 160 3542 dem
177 3477 364 3540 Athenaeum
383 3481 470 3558 plura
486 3477 524 3539 ds
537 3477 662 3538 cottabo
676 3477 731 3538 lib.
747 3484 795 3544 16.
814 3472 905 3555 [c.1.]
928 3473 991 3552 Ego
1004 3480 1105 3532 tamen
1117 3471 1295 3550 simpliciter

88 3565 214 3626 desolo
233 3585 372 3646 resperso
393 3563 476 3624 hunc
492 3565 591 3624 locum
612 3563 841 3640 intelligendum
856 3579 920 3620 esse
934 3567 1021 3638 puto.
1057 3555 1124 3616 Non
1138 3565 1183 3616 eat
1201 3573 1294 3636 porro

88 3649 312 3723 omittendum,
334 3650 367 3724 in
387 3649 455 3710 cod.
477 3649 559 3711 Iano.
576 3649 641 3708 Urs.
658 3648 756 3708 tribus
770 3647 840 3709 Vat.
859 3641 1117 3722 Tornsscriptum
1135 3661 1199 3700 esse
1216 3641 1295 3700 Tin-

19 3789 20 3808 ,
85 3751 169 3818 gaer,
192 3745 495 3814 quossecutuesum.
691 3729 693 3732 ¹
1187 3799 1191 3806 ‚
1245 3774 1249 3793 .
1329 3729 1336 3740 ’

180 3827 231 3888 27.
254 3821 474 3898 suranauss]
496 3821 540 3880 sic
556 3819 717 3903 legendum
738 3833 802 3877 esse
820 3814 968 3888 arbitror,
990 3831 1053 3874 non
1067 3806 1300 3892 superimmen-

86 3895 248 3967 nullorum
268 3915 405 3966 veterum
420 3905 558 3964 codicum
577 3905 755 3968 auctoritate
768 3903 874 3962 fretus.
918 3897 1123 3960 Pouimentum
1142 3889 1296 3978 superbum
1316 3947 1317 3952 ,

19 3997 21 4080 ξ
88 4003 193 4052 autem
217 3991 349 4069 intellige
374 4009 582 4052 marmoreum.
620 3991 658 4053 Μ.
680 3988 761 4048 Tull.
786 3986 825 4046 ds
842 3987 931 4064 Legg.
948 3989 978 4049 2.
1006 3981 1048 4061 [1,
1062 3979 1108 4059 2.]
1129 3979 1298 4060 pavimento
1337 4001 1343 4020 =

19 4107 20 4121 2
87 4097 276 4151 marmoren,
299 4072 437 4158 laqueato
459 4089 546 4138 tecto.
578 4076 645 4137 Tib.
667 4075 720 4137 lib.
740 4075 771 4138 3.
798 4071 925 4150 eleg.·8.
950 4065 1077 4148 [v.16.]
1106 4063 1299 4144 Aurumque

20 4185 21 4194 ¹
87 4159 210 4232 trabes,
237 4181 487 4242 marmoreumque
512 4157 617 4224 solum.
644 4161 696 4218 vel
722 4159 928 4238 pavimentum
958 4149 1072 4212 domini
1099 4145 1238 4227 superbi,
1264 4149 1300 4245 ut

87 4244 208 4327 Porph.
228 4255 258 4305 et
273 4245 315 4304 ira
336 4241 458 4315 Lueret.
478 4243 530 4306 lib.
543 4251 573 4310 4·
598 4246 639 4326 [V.
658 4249 736 4310 1171
757 4239 816 4321 tq·]
846 4239 1014 4320 Posteirque
1031 4229 1300 4328 superbonUnguet

88 4331 289 4405 amaracino,
310 4325 343 4388 id
367 4337 426 4407 est,
446 4329 560 4409 postris
582 4331 702 4415 puellas
720 4327 867 4408 superbae
889 4333 921 4386 et
938 4330 1100 4384 amatorem
1118 4315 1299 4392 fastidientis

88 4436 130 4476 ac
151 4415 332 4496 spernentis.
866 4426 870 4434 ·

182 4505 235 4568 28.
256 4501 458 4562 Poaasaso.
479 4517 648 4562 sonions
670 4493 823 4578 coeris]
843 4493 915 4556 vino
942 4489 1084 4568 meliore,
1106 4503 1198 4567 quam
1217 4481 1300 4566 quod
1428 4513 1429 4518 κ

926 4576 953 4635 0
980 4603 984 4617 .
