2894 5052
115 245 175 310 sss
209 260 214 266 ·
426 292 440 342 χ
484 237 687 302 sonans
717 188 940 345 csiinlis.

114 433 226 472 musmo
243 401 356 496 puseus
368 425 473 488 nutus,
497 427 591 474 serrae
599 409 708 494 filius,
729 410 835 488 tems,
857 410 927 494 quio
947 411 1005 472 scit
1027 426 1108 474 suum
1126 407 1314 496 sensilium
1361 429 1367 436 “

34 485 36 494 ’
114 520 189 577 esse,
212 497 313 562 crebro
326 496 498 560 edocerem
514 500 637 560 inuitat:
659 495 759 558 adbuc
776 497 944 579 conposuit
954 493 1121 577 perducem
1349 503 1353 510 “

198 591 230 648 7.
255 583 374 664 nuos]
398 586 549 662 aquibus.
579 583 630 642 Sic
650 583 835 663 saepealiss.
1196 631 1200 644 .

199 672 228 734 9.
249 665 533 744 Psossasrsns]
555 669 654 730 soluts
674 679 704 732 et
724 689 813 750 prosu
832 665 967 732 erutione
981 665 1110 746 scriptis.
1143 669 1194 729 Sic
1207 667 1319 728 Graeci

43 815 46 830 ,
115 749 205 822 ustio
219 747 307 834 λόγον
319 755 484 822 nominant.
527 756 612 816 Plato
633 755 665 814 in
684 753 833 833 sophista,
854 754 930 840 πεζῇ
942 773 973 814 τε
994 744 1053 814 ὦδε
1068 750 1207 824 ἑκάστοτε
1222 752 1318 834 λέγων

115 835 253 914 subuerti
269 838 393 922 μέτρων.
416 839 448 900 id
471 850 534 917 est,
557 850 587 900 et
610 839 742 920 pedestri
764 859 899 900 sermone
923 837 1041 900 assidue
1065 837 1177 898 diosus
1194 849 1223 900 ct
1245 859 1316 900 rsr-
1430 917 1431 934 χ

115 925 209 986 sibus.
255 925 358 986 Fuisse
374 935 471 986 sutem
494 927 694 987 Maecenatem
714 925 883 1000 eruditum,
912 943 980 982 cuin
1006 945 1043 985 ax
1066 925 1167 1001 multis
1190 925 1317 986 aliorum
1356 959 1361 965 ·

115 1007 293 1072 testimoniis
308 1031 488 1088 cognoscere
504 1013 592 1079 licet.
615 1022 680 1074 tum
697 1011 814 1071 accedit
828 1031 889 1070 non
904 1009 980 1068 lsvis
1002 1009 1086 1070 testis
1102 1011 1241 1082 Servius,
1263 1013 1318 1089 qui

45 1105 48 1120 ¹
114 1095 250 1156 edilium
266 1096 481 1168 viennensum
496 1099 648 1178 Georg.2.
672 1096 713 1178 [r.
729 1095 795 1176 42]
817 1093 886 1156 Non
902 1115 954 1174 ego
971 1109 1078 1156 cuncto
1095 1089 1321 1176 meiscmplects'
1430 1131 1431 1136 κ

114 1179 244 1240 versibus
259 1196 339 1260 opto,
361 1181 441 1242 bunc
457 1183 557 1242 locum
573 1183 698 1264 profert,
721 1191 752 1242 et
765 1190 909 1251 testatur,
933 1199 999 1238 eum
1014 1201 1062 1238 res
1078 1191 1175 1257 gestas
1192 1181 1321 1256 Augusti
1357 1231 1365 1244 .

116 1265 282 1345 scripsisse.
325 1266 457 1328 Accedat
471 1279 500 1329 et
518 1267 660 1328 Horatius
678 1277 707 1327 et
722 1266 969 1326 hicetOd.v1n.
992 1264 1045 1326 lib.
1064 1270 1096 1331 8.
1121 1263 1165 1348 [v.
1181 1264 1226 1345 6.]
1249 1264 1318 1326 Do.

116 1363 182 1411 ctus
192 1367 336 1410 sermones
349 1353 497 1438 utriusque
512 1351 646 1434 linguae,
669 1363 699 1414 et
713 1353 791 1412 idem
806 1351 886 1414 stibi.

202 1440 251 1500 11.
275 1438 490 1508 Ducrsoos
514 1441 582 1498 rn'u
604 1444 707 1514 visst
730 1438 822 1498 ducta
839 1435 868 1495 in
882 1433 1079 1514 triumphum.

202 1527 250 1586 12.
273 1522 489 1598 Missurum]
524 1525 600 1584 liber
629 1524 736 1584 Donati
761 1533 791 1584 et
809 1521 912 1580 Ursini
937 1520 1047 1580 babent
1069 1521 1261 1580 minantium
1290 1528 1323 1580 st

94 1651 99 1669 .
116 1605 198 1684 Febr.
212 1607 273 1666 duo
289 1606 427 1667 Vaticani
444 1619 472 1668 st
490 1609 579 1669 Turn.
596 1610 692 1670 Nicot.
711 1609 795 1671 uass.
815 1609 992 1682 minucium,
1015 1625 1091 1686 quos
1109 1615 1229 1666 secutus
1246 1625 1322 1666 sum.

117 1691 156 1750 Et
171 1711 245 1752 vero
259 1696 300 1751 ita
312 1693 385 1770 legit
397 1695 518 1754 Servius
535 1699 571 1754 sd
589 1716 672 1766 euni,
696 1715 783 1772 quem
797 1691 878 1769 dixi,
901 1693 1011 1751 locum.

203 1779 251 1843 13.
275 1778 445 1840 bosom
467 1779 584 1864 biom]
607 1778 720 1840 dulcuit
739 1793 860 1852 contris,
882 1787 918 1835 ut
938 1776 995 1838 Od.
1011 1796 1056 1838 rx.
1078 1777 1130 1836 lib.
1144 1779 1173 1842 3.
1195 1775 1237 1856 [v.
1260 1775 1324 1855 10]

84 1869 89 1880 ’
117 1855 230 1922 dulceis
244 1859 333 1923 doctu
351 1861 464 1927 modos.
487 1867 571 1926 etita
591 1865 739 1946 scriptum
757 1863 846 1924 estin
869 1863 923 1922 tib.
939 1863 1013 1924 Don.
1039 1871 1070 1922 et
1089 1861 1189 1920 Ursini
1209 1870 1240 1922 et
1254 1862 1324 1936 Vs-

117 1945 168 2010 tic.
190 1947 282 2010 duob.
372 1983 377 1996 ·
931 1971 934 1978 ·
1083 2005 1085 2015 ,

165 2014 168 2031 ¹
203 2036 252 2100 1-3.
272 2033 475 2114 nossrnss]
498 2035 611 2096 amicae
627 2046 711 2096 tusa:
734 2035 871 2095 sotebant
886 2033 964 2093 enim
978 2040 1111 2092 sensatas
1128 2032 1239 2090 a'miess
1253 2051 1325 2122 suas
1431 2089 1432 2094 ,

116 2111 255 2180 deminus
269 2120 429 2198 appellare.
474 2121 584 2183 Tibutt.
602 2121 674 2198 slep.
690 2121 793 2188 5.-lib.
813 2129 840 2185 t.
859 2117 899 2198 [r.
915 2116 979 2196 39·]
1004 2115 1099 2196 Saepe
1118 2113 1211 2178 uliam
1235 2119 1325 2194 senui,

116 2197 169 2260 sed
188 2202 248 2262 iam
274 2223 341 2262 cum
362 2199 475 2283 gaudio
499 2203 628 2278 adirem,
658 2203 828 2268 Admonuit
857 2199 993 2264 dominus
1012 2199 1191 2282 deseruitque
1215 2199 1325 2264 Venus.

117 2286 198 2345 idem
215 2307 323 2346 nornen
336 2297 365 2348 et
376 2287 524 2348 uxoribus
542 2291 723 2350 tribuebant.
748 2289 838 2351 Ouid·
854 2287 907 2348 lib·
922 2291 952 2352 3.
976 2287 1015 2347 tle
1031 2286 1190 2362 Tristibus,
1207 2285 1326 2366 [3,13]

48 2395 52 2412 ι
117 2363 310 2426 Nunstesbuc
325 2369 435 2450 reliqniis
450 2370 599 2438 dominam
617 2376 740 2448 uenisse,
763 2390 923 2452 resurgam.
966 2370 1051 2446 Virg.
1074 2370 1129 2433 lib.
1150 2375 1182 2438 6.
1205 2371 1326 2436 Aeneid.

120 2443 163 2526 [v.
180 2445 267 2528 392]
289 2447 337 2509 Ηί
350 2448 500 2512 dominum
520 2454 598 2514 Ditis
615 2456 749 2514 tbnlamo
765 2453 905 2530 deducere
920 2452 1028 2517 adorti.

207 2537 256 2600 13.
278 2535 540 2617 chrusssn]
562 2539 722 2602 Liuineius
736 2539 826 2600 habet
842 2541 918 2599 tiber
940 2539 1062 2616 Donati,
1085 2547 1121 2600 ut
1143 2547 1173 2598 et
1194 2541 1327 2620 vulgati:

119 2625 150 2676 st
165 2617 270 2682 Pastas.
288 2629 318 2682 et
331 2621 453 2685 Tornes.
491 2621 687 2706 Lycimuine:
708 2626 759 2684 atii
773 2623 967 2707 Lysymniue,
989 2645 1065 2703 quos
1079 2644 1199 2702 sequor.

204 2705 254 2770 15.
278 2705 458 2765 Lucinam
478 2707 729 2768 Fusossress
753 2709 925 2788 censos]
956 2706 1087 2768 lucidum
1101 2707 1269 2794 sulgemeis
1288 2733 1328 2774 ex

117 2785 172 2932 iiii
185 2807 292 2865 genere
307 2799 367 2866 est,
390 2791 471 2871 quod
487 2811 578 2872 supro
592 2797 802 2856 annotavimus
817 2795 856 2856 ad
870 2795 1019 2857 0d.xx11.
1035 2794 1087 2854 lib.
1102 2799 1132 2860 1.
1155 2793 1209 2873 ibi,
1230 2793 1329 2858 Dulce

139 2873 268 2934 'entem
1218 2889 1222 2900 '

206 2963 256 3023 17.
278 2957 393 3032 Qusss
420 2948 491 3020 ss'c
522 2983 643 3022 sanus
672 2985 753 3026 ern.
780 2967 934 3043 necao]
958 2963 1191 3040 nondedecuit,
1215 2965 1329 3028 interro

60 3091 64 3100 .
119 3039 227 3121 pedem
243 3041 275 3104 in
291 3041 418 3122 choros,
440 3067 501 3106 non
530 3048 674 3108 dedecuit
695 3051 815 3112 saltere.
860 3049 928 3108 Non
947 3049 1089 3110 dedecuit
1110 3061 1225 3126 eutem,
1255 3053 1329 3132 quia

117 3135 273 3188 necextrs
295 3149 452 3190 numerum
476 3143 632 3206 movetur,
658 3143 687 3194 et
708 3137 808 3214 puetis
830 3145 876 3194 est
895 3135 1003 3196 eximia
1025 3135 1136 3196 torma:
1159 3136 1330 3218 dedeceret,

118 3209 144 3272 si
161 3231 236 3272 snus
251 3223 344 3282 esset.
368 3218 486 3294 quatem
498 3217 639 3278 Chlorids
654 3217 799 3282 describit
814 3220 870 3280 Od.
885 3239 938 3282 xv.
952 3220 1005 3280 lib.
1023 3228 1052 3287 8.
1076 3239 1163 3296 quem
1176 3219 1328 3300 hortetur,

117 3305 153 3355 nt
170 3297 207 3356 sd
224 3299 410 3360 moriendum
426 3302 523 3362 vicina
541 3303 646 3364 luders
668 3303 748 3384 inter
769 3305 909 3385 virgines,
933 3305 974 3381 [r.
991 3305 1034 3386 6.]
1057 3301 1096 3364 Et
1118 3303 1219 3368 stellis
1235 3307 1330 3390 nubu-

119 3377 182 3443 ism
196 3405 333 3465 sporgere
346 3384 498 3462 candidis,
522 3389 649 3451 desinet.
1095 3425 1101 3434 .

141 3551 170 3611 'b
205 3473 255 3534 19.
277 3471 408 3532 Sscso
441 3471 610 3552 Drusus]
643 3469 692 3536 tis
717 3475 945 3553 sustoniense,
977 3477 1030 3554 qui
1055 3476 1166 3539 colitur
1186 3499 1205 3538 s
1226 3478 1331 3558 virgi-

119 3571 149 3611 m
172 3573 218 3614 us.
1169 3614 1171 3625 .

161 3627 165 3634 ⁴
203 3643 256 3702 2t.
278 3637 366 3700 Noas
388 3661 451 3718 nu,
474 3661 573 3711 osse
595 3642 759 3723 rususr]
781 3663 853 3704 uam
869 3645 1003 3721 teretis,
1027 3643 1330 3726 quiequidumquam

119 3721 252 3802 possedit
265 3721 482 3799 Achaemenes,
505 3726 663 3788 Persarum
681 3750 755 3802 rex,
777 3739 829 3788 sut
844 3730 1002 3809 Mygdonis
1018 3752 1106 3812 opes,
1130 3743 1182 3792 sut
1195 3733 1331 3796 Arabum

120 3805 240 3880 domos,
265 3809 396 3868 omnium
411 3831 512 3892 rerum
535 3813 621 3892 copis
637 3814 800 3874 instruens
816 3836 851 3874 uc
874 3816 1017 3892 refertas,
1041 3817 1124 3878 orins
1146 3819 1332 3897 Lycymnies

119 3891 288 3952 redimeret
308 3893 386 3956 Num
406 3904 439 3955 tu
456 3897 614 3968 Persarum
640 3919 743 3976 gazas,
764 3909 817 3959 sut
839 3899 982 3980 Phrygius
1003 3921 1093 3980 opes,
1124 3912 1176 3962 sut
1195 3903 1331 3965 Arabum

120 3975 278 4038 thesauros
294 3980 408 4040 mereri
424 3981 516 4058 velis,
539 3994 574 4046 ut
588 3983 769 4063 Lycymnise
793 3985 1001 4065 complexibus
1021 3995 1052 4050 et
1073 3989 1186 4048 esculis
1204 3991 1330 4050 careas?

123 4061 167 4124 Dc
185 4062 281 4124 verbo
302 4061 440 4124 mutandi
460 4067 539 4133 vide,
550 4089 626 4146 quae
643 4071 850 4134 annotavimus
865 4072 902 4132 sd
919 4072 1131 4132 0d.xv1.'lib.
1148 4079 1176 4138 1.

206 4153 258 4214 21.
281 4147 570 4231 soussossss]
590 4155 675 4216 Plato
692 4156 723 4216 in
738 4155 893 4216 Alcibiade
908 4150 945 4220 α’.
964 4157 1187 4238 [p.120extr.]
1212 4161 1329 4239 scribit,

121 4231 280 4294 Persarum
303 4253 388 4307 reges
409 4235 446 4294 ab
465 4235 654 4300 Achaemenis
674 4241 818 4320 originem
838 4241 965 4321 ducere,
994 4243 1027 4308 οἱ
1048 4247 1179 4326 Περσᾶν
1197 4247 1334 4327 βασιλεῖς

121 4310 311 4398 Ἀχαιμένους
326 4318 454 4402 hyeros-
1032 4350 1037 4358 ·

207 4409 258 4468 22.
281 4403 367 4464 Aur
384 4425 543 4468 arsonis
564 4408 770 4470 Pssrnsss
790 4409 917 4472 Mrcn.
940 4415 1007 4487 osu]
1030 4414 1076 4472 sio
1090 4433 1192 4474 omnes
1206 4413 1330 4494 quidem

85 4539 89 4550 .
123 4485 233 4548 babeat
254 4487 325 4550 libri
346 4499 376 4550 st
390 4491 474 4571 vulgi
495 4501 528 4554 et
542 4513 708 4558 manusco:
730 4495 785 4556 ssd
806 4497 929 4562 Servius
949 4497 989 4560 sd
1008 4498 1094 4574 ilium
1107 4499 1189 4580 Virg.
1205 4517 1330 4564 versum
