2908 5056
406 254 782 337 mauronius.
823 263 1003 327 sa-ra
1101 337 1159 352 ..
1235 247 1312 328 aaa
1390 351 1392 356 Α

97 449 155 495 ms
174 446 277 490 canem
298 447 363 492 esse
379 428 510 490 Orionis.
532 429 583 489 alii
607 437 705 492 autem
727 449 789 502 non
804 429 942 509 Orionis,
965 429 1019 492 sed
1040 427 1118 492 Icari
1132 429 1191 491 'but
1204 429 1311 510 Erigo·

97 537 161 578 nae
178 517 260 576 siunt
274 536 338 576 essa
359 515 584 596 eumqueintsr
598 525 678 578 astra
691 517 823 576 locatum
838 527 964 600 propter
981 515 1059 577 banc
1076 536 1205 578 causam.
1245 516 1312 576 lca·-

97 623 173 678 rus,
190 600 380 662 Atheniensis
398 607 521 681 genere,
543 599 634 662 filiam
648 601 755 664 habuit
768 603 926 681 Erigonam
945 601 1163 668 nomine.baeo
1183 601 1313 663 catulam
1332 661 1335 674 ,

99 687 212 749 alebat.
255 688 310 748 lllo
332 707 400 748 curu
414 685 748 766 Bacchumali‘quando
769 687 900 770 bospitio
923 689 1104 770 accepisset,
1126 709 1183 768 pro
1206 707 1259 748 sua
1279 689 1313 748 ia
1373 716 1374 724 ¹

99 793 171 836 eum
185 773 366 834 liberalitate
387 773 457 834 vino
477 771 605 833 donatus
626 773 663 833 ab
683 793 721 844 eo
743 781 789 833 est
809 775 925 834 etrite.
964 774 1095 836 iusserat
1109 771 1209 836 autem
1223 775 1312 852 Deus,
1344 775 1349 784 “

71 933 75 940 ,
102 859 281 920 camillum
302 857 362 917 hoc
383 875 508 940 munere
531 865 791 936 remuneraretur,
812 867 847 919 ut
870 859 1225 941 beneficium'acoeptum
1244 873 1313 918 cunt

100 947 171 1006 aliis
188 943 362 1006 bominibus
379 943 623 1006 communicaret.
665 943 771 1026 Itaque
785 962 852 1004 cum
868 954 963 1006 terras
978 945 1061 1004 obire
1085 967 1119 1006 ao
1141 947 1313 1026 peragrare,

99 1031 155 1092 dei
176 1051 246 1110 erga
267 1049 298 1089 se
323 1027 500 1096 beneficium
520 1027 713 1110 praedicans,
746 1029 893 1109 inciperet
914 1049 950 1090 ac
971 1031 1029 1090 ioan
1050 1049 1090 1090 ex
1109 1029 1185 1090 urbe
1203 1031 1314 1090 exisset

100 1135 268 1196 maremque
282 1115 428 1194 Erigonae
443 1132 503 1174 una
518 1133 620 1176 secum
632 1115 772 1177 haberet:
791 1109 931 1175 bubulcis
947 1115 1138 1198 quibasdapn,
1159 1117 1209 1196 qui
1223 1114 1314 1197 primi

100 1201 132 1262 ‘ei
148 1201 181 1261 in
196 1221 267 1280 agro
286 1207 496 1278 occurrerant,
522 1197 625 1282 vinum
640 1192 733 1284 dedit,
751 1217 812 1280 quo
828 1200 874 1260 illi
896 1196 1092 1261 immoderate
1107 1199 1214 1260 hausto
1232 1199 1314 1260 altis·

99 1285 180 1346 simo
194 1287 457 1368 somno-oppressi
477 1295 558 1348 santi
607 1285 784 1374 Experrecti
807 1295 906 1345 autem
927 1307 995 1348 oum
1016 1284 1234 1346 arbitrarentur
1256 1283 1314 1346 sihi

99 1371 140 1432 ab
156 1371 243 1431 Icaro
257 1377 405 1434 venenum
429 1389 493 1432 esse
519 1372 640 1452 datum,
663 1371 977 1434 enmdnterernerunt.
1029 1372 1118 1430 Cattis
1143 1371 1314 1452 ael-Erigo-

98 1477 173 1518 uarn
194 1473 333 1518 reversus
353 1475 430 1516 vocs
451 1461 481 1517 et
495 1457 625 1532 latratu,
648 1477 726 1538 quas
743 1455 940 1531 accidissent,
966 1456 994 1516 ei
1010 1453 1166 1516 indicavit.
1197 1451 1262 1533 Illa,
1278 1471 1314 1516 re

100 1549 267 1624 comperta,
285 1541 447 1623 suspendio
462 1541 555 1602 vitam
569 1541 655 1603 finiit.
688 1541 794 1602 Morbo
809 1551 909 1602 autern
924 1543 1099 1608 taeterrimo
1116 1551 1146 1602 et
1159 1540 1313 1624 pestilenti

49 1697 51 1701 ,
97 1625 230 1690 Athenis
247 1636 330 1704 orto,
353 1625 548 1687 Athenienses
562 1627 597 1686 a'b
614 1627 737 1688 oraculo
753 1627 897 1686 admoniti
909 1623 1029 1686 icarum
1045 1635 1073 1687 et
1091 1625 1248 1706 Erigonam
1266 1619 1313 1686 di-

98 1713 292 1793 'sinisiisque
306 1711 501 1774 sollemnibus
518 1721 608 1796 atque
625 1713 837 1773 anniversariis
851 1711 1019 1772 honoribus
1034 1709 1198 1774 affecerunt
1215 1722 1245 1774 et
1261 1730 1312 1772 ve*

99 1799 204 1860 'iterati
220 1807 305 1858 sunt:
323 1799 413 1880 atipue
427 1799 468 1858 ita
482 1795 529 1856 illi
541 1797 574 1878 in
591 1797 673 1873 tasio
687 1799 778 1865 locati
793 1795 866 1856 etin
882 1807 1032 1860 astrorum
1047 1813 1204 1860 numerum
1221 1797 1321 1858 asscri-¹

100 1883 149 1966 pti
162 1893 246 1964 aaut:
267 1871 566 1964 Ic'a‘rusqueBoote's,
587 1881 716 1962 Erigone
731 1883 820 1964 Virgo
834 1893 903 1942 saut
924 1873 1085 1964 appellati:
1108 1881 1188 1942 oanis
1202 1875 1312 1954 nomeu

103 1989 193 2029 snum
208 1969 344 2030 retinuit.
386 1969 491 2048 Neque
510 1966 583 2049 vero
605 1967 653 2028 me
675 1967 752 2046 sugit
761 2012 771 2044 ,
796 1963 905 2028 Canem
929 1967 1047 2028 lcnri's·
1065 1969 1216 2028 nonnullis
1234 1991 1314 2052 προ-

102 2049 211 2118 usiuvu
223 2045 387 2114 existimari
404 2046 592 2136 eundemque
608 2053 727 2138 sirium,
749 2055 863 2134 'Atque
874 2053 917 2113 ita
927 2049 970 2116 bl.
986 2053 1065 2113 Tull.
1082 2054 1114 2112 in
1129 2055 1233 2115 Arato.
1251 2048 1313 2126 Ησ-

102 2139 200 2201 sarias
214 2139 252 2200 ad
267 2139 326 2208 Od.
342 2139 534 2204 xvra.lib.'1.
555 2137 598 2220 [v.
617 2135 679 2222 η]
723 2135 788 2200 Hic
804 2140 835 2198 in
849 2135 969 2202 reducta
982 2131 1062 2200 ualle
1080 2135 1241 2201 Caniculae
1257 2136 1336 2200 Vt·=

105 2221 185 2288 tabis
201 2237 305 2287 aestus.
476 2284 479 2290 ,
525 2231 531 2246 “
568 2225 571 2234 ’

192 2311 242 2378 10.
265 2307 410 2368 ancsa
440 2304 638 2388 assensa]
657 2305 770 2384 nescit,
798 2305 833 2388 id
855 2305 1044 2386 est,'nequit
1058 2319 1115 2368 *sea
1130 2325 1193 2366 non
1213 2315 1314 2388 potest

41 2443 46 2451 ,
100 2403 242 2475 'tangersz
259 2401 421 2474 propterea
434 2390 646 2474 scilicetquod
658 2391 719 2452 alex
735 2389 772 2452 iis
786 2393 875 2467 soris,
892 2385 972 2452 unde
988 2393 1129 2466 nasceris,
1145 2391 1234 2452 insita
1250 2393 1313 2451 suis

106 2479 265 2540 frondibus
282 2499 318 2538 ao
333 2479 423 2538 ramis
444 2475 579 2539 fervidos
598 2477 651 2538 abs
670 2487 701 2539 te
721 2477 794 2538 solis
814 2477 948 2538 excludit
967 2477 1064 2556 ictus,
1086 2485 1124 2538 ut
1143 2477 1223 2538 idern
1243 2477 1314 2538 alibi

105 2567 250 2650 loquitur.
300 2556 303 2565 ’
557 2622 560 2640 ‚
646 2629 652 2640 ⁸
908 2601 911 2606 ·
1116 2607 1121 2612 -
1261 2566 1264 2574 ’
1362 2621 1367 2626 .
1406 2561 1413 2570 ’

186 2639 244 2716 ’10.
267 2657 407 2710 rursus
418 2645 622 2728 'susurns]
646 2641 796 2726 διαστολή.
813 2656 858 2706 est
874 2647 952 2708 enim
973 2645 1096 2726 aliquod
1113 2647 1211 2727 frigus
1227 2657 1325 2714 natu.

106 2757 160 2797 rae
175 2731 329 2795 inimicum
343 2729 582 2797 abmortiseruus.
599 2743 633 2792 ut
647 2737 747 2812 Satyr.
768 2737 795 2798 1.
816 2725 868 2792 lib.
884 2739 914 2798 2.
941 2727 987 2815 [v.
1004 2737 1072 2806 62]
1087 2755 1104 2793 o
1118 2757 1200 2815 puer,
1222 2749 1255 2793 ut
1271 2735 1326 2796 sis'
1367 2729 1370 2738 ’

15 2829 17 2834 ’
110 2817 225 2882 Vitatis
247 2815 343 2880 inetuo
364 2821 552 2898 et'maioeum
576 2843 611 2877 ne
631 2821 696 2902 puis
718 2820 832 2877 amicus
852 2812 975 2902 Frigore
991 2833 1019 2877 ie
1032 2816 1142 2904 finiat.
1176 2807 1313 2879 'Praenes

107 2907 201 2985 igitur
212 2905 307 2986 frigus
319 2925 375 2964 am.
386 2901 470 2986 ‘pec‘
482 2921 568 2982 vago,
583 2905 679 2981 idest,
695 2913 731 2962 ut
741 2901 877 2984 loquitur
892 2903 950 2962 Od.
965 2923 1041 2962 xvn.
1054 2903 1108 2965 lib.
1125 2903 1203 2984 l.[v.
1217 2911 1239 2970 2
1254 2899 1311 2988 sq.]

102 2987 250 3051 Delendis
267 2999 407 3050 aestatem
423 2990 527 3071 pecori
543 3009 637 3066 vago,
659 2999 766 3068 nempe
788 2989 896 3048 ovibus
911 2997 941 3046 et
957 2989 1089 3069 capellis.
1112 2987 1156 3048 sic
1179 2991 1259 3050 euim
1275 2989 1313 3048 da

53 3095 55 3098 “
107 3075 267 3136 Lucretili:
288 3091 315 3134 et
330 3077 445 3155 igneam
459 3071 600 3159 Dffendit
615 3086 752 3134 aestatem
771 3071 893 3152 capellis
914 3071 1011 3156 Usque
1024 3075 1102 3134 meis.
1138 3073 1312 3140 SicetVir.
1384 3116 1388 3128 .

109 3159 272 3240 gillllelib.
309 3159 459 3250 [Ecl.vn,
477 3157 546 3239 45.]
588 3159 727 3220 Muscosi
735 3155 843 3242 fontes
864 3173 890 3216 et
909 3153 1154 3218 somno'mollior
1174 3157 1264 3219 barba
1285 3173 1313 3220 et
1342 3154 1347 3164 ⁴

109 3268 249 3330 quaevos
265 3266 335 3304 rara
357 3241 461 3306 viridis
475 3245 545 3326 tegit
561 3241 683 3303 arbutus
701 3241 821 3318 umbra,
847 3231 1013 3302 So'lstitium
1027 3245 1128 3323 pecori
1146 3235 1312 3328 defindite:
1344 3262 1348 3268 ’
1441 3273 1442 3308 a

18 3397 23 3405 „
102 3333 170 3414 ,hm
185 3333 262 3415 uenit
283 3344 380 3389 aestas
395 3325 533 3391 Torrida.
548 3329 628 3390 idem
645 3329 731 3391 Alex.
746 3327 869 3412 [Ecl.11,
886 3323 933 3410 8.]
972 3325 1062 3388 Nunc
1081 3330 1168 3414 eliano
1186 3327 1313 3412 pecudes

110 3413 229 3476 umbras
244 3431 271 3475 et
276 3414 403 3498 frigora
417 3437 452 3476 ca
475 3427 549 3479 tant.
840 3413 843 3427 '
890 3421 892 3430 ’
1008 3419 1011 3426 ’

119 3503 124 3514 “
198 3503 248 3565 12.
269 3438 473 3580 Passunsi
485 3497 678 3581 suppeditas,
701 3497 840 3576 sufficis,·
855 3497 996 3582 πορίζεις.
1013 3495 1081 3556 boc
1097 3489 1175 3558 enisis
1194 3499 1315 3579 signili-

113 3585 161 3646 ca‘t
175 3585 299 3645 verbum
312 3582 445 3666 praebeo.
460 3604 533 3644 usus
551 3592 596 3644 sat
612 3606 678 3666 sup.
695 3583 754 3643 Od.
770 3603 812 3645 vr.
833 3579 888 3642 lib.
903 3589 932 3648 2.
945 3581 986 3664 [v.
1005 3585 1065 3662 17.]
1091 3579 1154 3642 Ver
1171 3581 1224 3648 udi
1242 3583 1315 3646 lon-

108 3694 179 3754 gum
198 3665 369 3753 lipidasque
387 3667 506 3752 praebet
516 3667 633 3751 'Iupiter
653 3667 781 3730 brumas.
803 3677 833 3728 ct
855 3667 914 3728 Od.
933 3687 997 3730 x1v.
1015 3667 1068 3729 lib.
1087 3668 1117 3733 4.
1142 3673 1185 3742 [v.
1197 3674 1242 3736 33
1255 3675 1314 3752 sq.]

114 3757 158 3816 Te
179 3757 299 3836 copias,
326 3762 353 3813 te
374 3751 530 3824 consilium
551 3769 578 3813 et
601 3767 667 3814 tuos
689 3753 849 3814 Praebente
868 3753 971 3814 Divos.
995 3763 1025 3816 et
1046 3755 1145 3832 Satyr.
1164 3761 1191 3820 1.
1214 3755 1266 3817 lib.
1284 3763 1313 3822 1.
1436 3825 1440 3836 ¹

111 3841 152 3918 [v.
169 3837 235 3919 73.]
262 3834 382 3914 Nescis,
402 3837 475 3922 quid
492 3836 590 3902 caleat
611 3837 771 3900 nummus?
791 3861 874 3923 quem
896 3835 1033 3919 praebeat
1056 3834 1165 3902 usum?
1194 3839 1251 3904 od.
1269 3861 1314 3902 xt.

38 3946 40 3952 ·
112 3927 164 3987 lib.
179 3929 210 3991 4.
234 3923 274 4006 [v.
292 3924 356 4004 26]
379 3939 406 3983 et
425 3921 592 4005 exemplum
605 3945 697 4004 grave
710 3919 829 4004 praebet
843 3919 904 3984 ales
921 3923 1063 4004 Pegasus.
1085 3925 1172 4004 epist.
1190 3927 1229 3986 ad
1245 3929 1314 3986 Nu·

112 4012 233 4071 mictum
250 4011 304 4070 lib.
319 4017 346 4075 1.
361 4007 403 4088 [6,
418 4007 481 4088 41.]
504 4005 671 4089 chlamydes
685 4007 842 4082 Lucullus,
863 4023 896 4067 ur
913 4009 1012 4085 aiunt,
1036 4007 1072 4070 Si
1085 4025 1183 4089 posset
1199 4028 1314 4077 amram

113 4115 215 4157 scenae
224 4093 377 4174 praebere,
402 4108 536 4173 rogatus,
561 4091 621 4172 Qui
633 4115 751 4175 possum
766 4091 837 4156 tot?
849 4095 1026 4173 ¹ainbatyr.
1042 4100 1072 4162 6.
1086 4094 1138 4156 lib.
1153 4099 1181 4160 1.
1199 4097 1312 4176 [r.80.]

88 4243 91 4248 ,
114 4183 194 4241 avita
213 4177 266 4240 Ex
288 4201 324 4238 re·
333 4177 468 4259 praeberi
487 4194 599 4238 sumtus
619 4177 693 4237 mili
712 4175 838 4238 crederet
855 4170 934 4240 ilios.
957 4181 1042 4258 epist.
1067 4177 1105 4238 ad
1122 4179 1194 4239 'villo
1214 4183 1266 4242 lib.
1285 4187 1311 4247 1.

116 4272 177 4342 [14.
195 4268 275 4339 24.]’
293 4261 483 4342 Νιοί)ι“οι“ιια1
494 4261 600 4338 subest,
621 4264 719 4322 vinum
735 4261 873 4346 praebere
893 4261 1014 4324 taberna
1031 4263 1114 4340 Quae
1130 4268 1225 4345 possit
1247 4264 1312 4330 sibi.
1335 4301 1336 4304 ¹
1384 4321 1387 4330 .

114 4349 411 4414 sicLucret.'lib.1.
434 4347 475 4427 [v.
490 4347 581 4428 230]¹
598 4344 738 4408 Daedala
759 4345 847 4408 'tellau
866 4346 950 4408 Unde
970 4347 1026 4410 otis
1044 4343 1242 4432 oequesng'er,
1259 4351 1312 4436 gd·

115 4439 236 4496 unatim
247 4431 361 4516 pabala
374 4431 525 4516 praebens.
553 4433 636 4492 Idem
654 4431 707 4494 lib.
720 4435 748 4498 5.
768 4433 908 4514 [r.989.]
932 4433 1050 4494 Pabula
1062 4431 1215 4581 eriuuifiris
1226 4459 1310 4519 prae.
1413 4473 1416 4480 ·
1441 4433 1442 4444 ¹

116 4520 200 4581 dedat
219 4516 354 4580 dentibus
375 4518 505 4584 banstae.
529 4528 558 4580 ct
579 4519 630 4580 lib.
639 4525 677 4586 ¹6.
702 4524 742 4594 [v.
757 4522 821 4586 892
836 4511 896 4600 eq·]
919 4515 957 4579 Et
977 4517 1078 4581 multis
1101 4523 1172 4582 aiis
1190 4521 1311 4606 praebet
1441 4585 1442 4596 ,
