2894 5052
989 85 995 112 Ι
1044 44 1049 78 l

451 251 536 319 nm
555 253 609 318 m·
640 225 769 319 ou'u.
810 275 842 321 v.
874 261 927 326 aa.
1226 263 1288 332 esu

87 423 126 488 lt
135 425 199 502 hio,
208 427 311 514 squam
323 423 468 488 Hos-etius
479 429 746 490 mourut-vere
758 439 859 508 regem
873 449 939 490 ssss
950 447 1081 510 vereque
1093 421 1288 514 triumphare,
1311 463 1319 488 r

87 523 206 592 spectat
226 514 292 572 suri
316 533 440 573 aoerroa
464 513 555 572 oculo
571 513 730 590 inretorto,
753 515 864 587 idest,
893 517 935 576 ita
954 526 1232 597 spectatarum,
1253 529 1290 580 ut

87 599 193 658 ocules
208 599 269 658 alio
284 607 547 678 uon-retorqueat,
569 598 622 658 sed
636 619 692 660 eos
704 601 735 660 in
755 601 871 660 acervis
890 600 1006 662 defixos
1023 601 1147 663 hebeat:
1169 605 1219 663 isti
1234 623 1290 664 aa·

88 693 147 743 mm
163 685 206 743 its
224 681 347 756 dicunt,
367 665 514 744 'nasama
527 684 570 766 itjs
593 683 704 746 debent
725 685 841 760 dicere,
864 685 888 744 si
909 689 1016 748 volunt
1037 690 1188 767 exsrnpla,
1211 711 1293 768 quse
1365 675 1372 691 .

89 770 236 844 afferunt,
265 769 305 828 sd
323 768 401 830 heac
417 768 659 844 accommodare,
679 791 741 830 non
762 783 937 849 retorquere
958 775 1077 834 oculum
1097 775 1135 834 ad
1156 792 1289 835 acervus.

89 857 126 914 At
141 855 298 935 quomodo
316 855 382 938 quis
397 863 497 932 potest
514 856 635 914 oculum
649 865 825 936 retorquere
841 857 945 936 adid,
968 859 1050 938 quod
1065 859 1203 939 spectati
1230 861 1290 920 lroo

89 941 166 1000 euim
182 951 290 1002 natura
305 950 335 1000 et
353 941 431 1000 ratio
450 941 624 1022 postulant,
645 951 696 1016 ut,
718 945 770 1021 qui
786 951 943 1021 retorquet
965 945 1084 1020 oculos,
1108 947 1165 1005 olio
1186 957 1290 1006 retor-

89 1035 194 1106 questq
221 1007 318 1106 quani
325 1045 387 1104 quo
402 1045 434 1086 oa
447 1045 569 1086 versum
583 1024 673 1088 hebet
688 1036 718 1086 et
730 1027 791 1106 qus
810 1028 944 1104 intuetur
965 1033 1008 1090 et‘
1018 1041 1148 1109 spectat,
1173 1040 1209 1090 ut
1229 1031 1292 1091 Or-

89 1111 185 1192 pheus
207 1122 239 1173 et
260 1111 389 1178 Catilina«
406 1111 465 1170 alio
486 1119 664 1190 retorquent
684 1113 806 1184 oculos,
829 1133 919 1192 quam
941 1135 1001 1193 quo
1024 1117 1127 1174 oculos
1148 1116 1291 1176 aduersos

88 1195 215 1257 habente
241 1217 278 1258 eo
300 1206 399 1256 autem
422 1197 527 1258 oculos
549 1197 691 1260 aduersos
719 1197 847 1274 habant,
876 1219 938 1278 quo
956 1219 1060 1262 uorsus
1083 1201 1141 1262 itsr
1164 1201 1290 1277 saciant,

20 1350 21 1364 ,
91 1281 232 1363 Orpheus
251 1284 282 1342 in
300 1282 496 1362 eorum-qui
517 1282 641 1361 vivuat,
669 1283 772 1346 sedem
789 1293 819 1344 et
843 1285 940 1346 lucem
964 1305 1085 1362 uersus,
1113 1286 1237 1348 Catilina
1260 1287 1292 1347 iu

20 1377 21 1456 q
90 1367 250 1428 Etruriam.
293 1367 451 1428 Nonanim
474 1366 613 1448 Orpheus
633 1367 671 1427 sb
693 1365 796 1430 inseris
817 1369 855 1428 ad
875 1389 1001 1449 nuperos
1022 1381 1052 1432 et
1076 1371 1113 1432 ad
1136 1369 1292 1432 hominum

20 1489 21 1496 .
90 1455 191 1514 sedem
202 1471 305 1537 ,uxore
320 1473 399 1534 poue
412 1462 554 1532 sequente
567 1453 686 1514 rodiam
702 1454 806 1532 oculos
823 1455 863 1514 ad
876 1456 990 1515 Orcum
1005 1469 1036 1515 st
1054 1457 1166 1516 inferos
1186 1475 1292 1518 versos
1311 1517 1319 1532 ,

20 1533 21 1580 3
89 1539 196 1599 habet:
217 1539 286 1600 'nam
309 1539 403 1598 instar
420 1557 516 1618 nepas
535 1540 810 1618 rauogroderotur3
840 1561 937 1618 nequa
957 1541 1083 1602 Catilina
1105 1563 1142 1604 ex
1165 1543 1240 1602 urbe
1259 1542 1292 1601 ia

19 1632 20 1642 ¹
89 1618 242 1685 Etruriam
262 1623 455 1704 proficiscens
473 1624 576 1684 urbem
597 1625 717 1704 aspicit:
737 1627 795 1686 aed
816 1635 846 1686 et
865 1627 935 1704 ille,
956 1627 1103 1708 aspiciens
1123 1647 1205 1706 quae·
1223 1635 1293 1687 ants

34 1768 40 1786 ,
91 1711 197 1770 oeulos
214 1719 244 1770 et
257 1719 326 1770 ante
339 1709 433 1792 pedes
448 1718 534 1786 suut,
557 1711 704 1770 iussorum
720 1711 915 1790 Proserpinae
924 1711 1096 1789 immemor,
1118 1715 1149 1772 in
1164 1733 1292 1772 uxorem

19 1869 20 1872 Ἴ
90 1805 247 1876 retorquet
274 1795 394 1872 oculos,
422 1803 452 1854 et
473 1795 600 1856 Catilina
620 1796 667 1854 ria
685 1797 805 1860 Aurelia
826 1799 884 1855 lter
906 1797 1017 1856 iaciens
1040 1807 1069 1857 et
1090 1797 1293 1879 inllltruriam

91 1891 244 1961 aspectum
261 1881 409 1942 etfaciam
424 1879 567 1940 directam
582 1879 708 1960 habena,
732 1881 835 1942 dolore
851 1882 975 1942 affectus
994 1883 1033 1942 ob
1055 1883 1088 1942 id
1109 1883 1192 1963 quod
1215 1903 1293 1943 con·-

18 1961 19 1976 ’
90 1969 190 2026 silium
206 1965 290 2026 urbis
305 1965 510 2026 incendendae
520 1967 565 2026 ad
586 1965 698 2025 exitum
721 1987 782 2026 non
797 1964 958 2047 perduxit,
981 1967 1107 2027 subinde
1127 1968 1163 2026 sd
1186 1969 1293 2028 urbem

90 2053 220 2114 rellectit
241 2051 355 2112 oculos.
410 2052 449 2110 At
474 2049 791 2128 hicemannus,
820 2057 871 2131 qui
899 2053 935 2112 sb
958 2053 1082 2112 Horatio
1109 2053 1294 2114 describitur

18 2133 20 2162 '
91 2139 205 2218 quique
227 2136 373 2214 ingenteia
395 2137 460 2196 aori
485 2155 608 2196 acervos
633 2147 771 2216 speotans
795 2138 885 2196 oculo
902 2139 1047 2198 irretorto
1067 2138 1239 2216 inducitur,
1267 2137 1308 2198 si'

91 2225 211 2284 oculum
229 2229 433 2300 retorqueret,
463 2241 561 2281 nonno
574 2221 620 2280 'ab
641 2221 757 2282 acervis
775 2223 808 2282 in
827 2223 915 2282 aliam
944 2232 1059 2303 partem
1081 2223 1295 2302 retorqueret?

17 2317 19 2328 ’
93 2311 167 2368 Cum
180 2309 273 2386 igitur
288 2327 413 2366 acervos
433 2308 524 2365 oculo
540 2305 678 2367 irreflexo
698 2317 788 2385 atquo
808 2307 951 2368 irretorto
974 2317 1105 2386 spectat,
1134 2319 1233 2370 rectos
1259 2329 1297 2369 ac

93 2393 209 2453 deliros
223 2393 390 2452 in'acervis
412 2392 517 2450 oculos
531 2390 641 2450 habere
665 2391 851 2468 intelligitur,
873 2393 964 2455 etita
987 2413 1075 2452 sanos
1100 2401 1129 2450 et
1150 2396 1245 2453 aereis
1264 2401 1297 2452 et
1373 2387 1381 2396 ⁸

16 2489 17 2502 ³
92 2479 224 2554 integros
238 2487 268 2538 et
281 2477 473 2553 incolumeis,
497 2477 593 2556 qualis
616 2485 660 2536 est
677 2479 850 2558 Aquilarum
873 2478 969 2553 acies,
992 2495 1068 2558 quae
1090 2477 1206 2554 fulgore
1223 2478 1297 2537 solis
1377 2541 1379 2550 ,

93 2563 296 2634 nonlaeditur
308 2581 404 2642 nequa
422 2561 614 2637 obtunditur;
636 2583 696 2622 non
717 2577 836 2622 teneros
851 2573 881 2622 et
896 2563 1079 2639 imbecillus,
1101 2564 1204 2641 quales
1224 2571 1296 2622 sunt

91 2649 244 2729 lipporum
260 2649 357 2722 oculi,
380 2647 430 2726 qui
444 2647 559 2728 quovis·
572 2647 732 2726 splendore
751 2649 960 2724 offenduntur,
982 2651 1022 2707 ita
1044 2657 1078 2707 ut
1098 2648 1196 2708 lucem
1214 2649 1296 2708 ferra
1395 2677 1401 2688 =

91 2735 300 2813 nonpossint,
323 2732 375 2792 sed
392 2753 407 2792 a
423 2753 457 2792 re
473 2733 631 2812 splendida
653 2743 683 2794 et
703 2733 806 2793 lucida
821 2733 878 2792 'rel
899 2733 930 2792 in
952 2735 1041 2794 aliam
1062 2743 1179 2813 portem
1200 2731 1297 2812 relle-

91 2821 191 2880 ctendi
209 2821 259 2878 vel
284 2817 443 2879 claudendi
468 2819 541 2877 sint:
564 2818 722 2896 quodnisi
745 2819 874 2894 saciant,
899 2827 993 2878 totam
1017 2819 1173 2878 oculorum
1201 2818 1297 2878 sciam

92 2911 292 2986 corrumpunt
307 2914 337 2965 et
350 2905 400 2964 rsl
412 2903 567 2963 strabones
581 2905 630 2962 vel
644 2906 723 2964 caeci
738 2905 821 2966 liunt.
857 2903 957 2981 Atque
972 2903 1032 2963 hoc
1049 2904 1139 2964 modo
1155 2904 1297 2964 convenit

16 3037 17 3054 .
91 2991 128 3050 sd
151 2989 233 3050 hano
255 2989 430 3050 senteutiam
453 2987 530 3056 illud
550 2989 710 3062 Varronis,
738 2989 819 3068 quod
841 2989 957 3070 prolert
976 2989 1149 3066 Turnebus,
1173 2989 1225 3048 ssd
1243 2989 1297 3048 ille

16 3067 17 3094 ³
91 3077 180 3136 aliter
195 3075 352 3153 intelligit,
381 3071 478 3134 Multi
499 3075 585 3148 enim,
606 3077 658 3156 qui
673 3065 779 3134 limina
795 3077 945 3134 intrarunt
956 3075 1080 3154 integris
1094 3071 1201 3148 oculis,
1218 3088 1299 3133 siro·

92 3159 275 3246 donesficli
288 3175 364 3220 eunt.
407 3155 598 3218 Hndetens'm
611 3157 755 3242 quiddam
771 3155 956 3233 llauorsadr,
979 3158 1022 3238 (id
1038 3167 1097 3234 eal,
1119 3157 1158 3217 ad
1172 3157 1298 3220 truhma-

91 3247 165 3306 dum
193 3241 335 3328 valens,)
355 3240 549 3324 provincialis
571 3240 740 3324 sormoaalu
764 3265 853 3306 umor.
905 3238 1056 3320 Significat
1083 3245 1160 3302 anim
1188 3245 1297 3317 Varro,

91 3331 205 3392 multos
225 3351 290 3390 essa
303 3327 514 3406 magistratus,
545 3329 615 3406 qui,
636 3330 661 3388 si
682 3349 771 3408 quam
794 3327 825 3387 in
847 3329 1002 3407 provincia
1026 3327 1299 3388 mulie1·emforma

90 3425 294 3498 praestantem
308 3413 497 3494 aspexerint,
520 3412 619 3472 slalim
642 3414 767 3474 libidine
787 3415 903 3473 incensi
924 3433 958 3473 ea
981 3414 1073 3494 potiri
1090 3414 1202 3484 velint,
1226 3414 1300 3492 quia
1373 3487 1378 3498 .

92 3523 153 3562 non
169 3499 283 3563 habent
298 3499 402 3560 oculos
420 3515 525 3573 senus,
547 3500 743 3560 continenteis
766 3507 797 3558 et
810 3509 928 3574 rectos,
951 3499 1003 3558 sed
1018 3497 1200 3574 imbecillos,
1222 3519 1300 3578 pra-

16 3603 17 3606 ’
91 3605 146 3647 vos
160 3577 380 3666 etperversos.
424 3585 483 3647 Eos
504 3582 582 3642 euim
596 3585 730 3645 mulieris
746 3585 893 3645 formosae
913 3593 1051 3664 aspectus
1070 3583 1239 3664 corrumpit
1262 3579 1299 3643 s'e

304 3667 533 3730 uemsdmodum
558 3669 669 3730 nimius
695 3671 794 3747 fulgor
823 3671 979 3730 oculorum
1007 3677 1181 3734 nostrorum
1203 3668 1300 3728 aciem

91 3673 454 3910 liiilrlilrirlllphebant
474 3763 506 3815 at
526 3755 701 3836 corrumpit.
744 3757 796 3816 Est
816 3755 894 3816 enim
917 3755 1059 3832 allegoria
1081 3755 1243 3833 quaedam,
1266 3761 1301 3813 ut

93 3844 179 3920 dixi,
203 3849 234 3902 et
258 3851 303 3901 tra
326 3841 412 3902 elatio
425 3839 466 3902 ab
481 3839 577 3900 oeulis
598 3839 734 3921 corporis
756 3839 794 3900 ad
816 3840 921 3902 oculos
940 3840 1040 3900 animi.
1082 3842 1301 3902 Potesttamen

92 3929 183 3988 etiam
215 3923 275 3988 lroo
299 3924 376 3996 dici,
408 3923 633 3986 translationem
665 3947 729 3986 esse
749 3925 785 3985 ab
810 3926 863 4002 iis,
893 3927 945 4005 qui
966 3925 1026 3998 iter
1045 3927 1191 4003 facienteq
1208 3934 1301 4005 atqua

92 4011 283 4073 ambulantes
299 4019 476 4090 retorquent
491 4011 596 4070 oculos
615 4011 655 4070 ad
678 4012 832 4072 dexteram
855 4019 910 4071 sut
933 4011 1067 4086 laevam,
1087 4011 1184 4071 itaut
1207 4007 1301 4068 stralri

92 4096 158 4158 fieri
188 4097 360 4158 rideantur.
405 4097 578 4157 Cuiusmodi
599 4092 674 4156 illud
700 4115 819 4176 quoque
850 4106 957 4156 estex
987 4096 1118 4173 Lucilio,
1147 4091 1236 4156 Nulli
1255 4115 1303 4152 me

92 4181 242 4259 irmidere,
264 4178 582 4264 nonstmbonemfiers'
595 4183 711 4263 saepias
733 4178 849 4242 deliciis
870 4203 917 4241 me
934 4183 1076 4244 uram·
1117 4179 1212 4240 Nimis
1236 4179 1303 4240 for·

93 4279 176 4329 tasse
190 4267 299 4346 longus
314 4265 373 4342 lui,
395 4265 448 4326 aed
470 4267 633 4326 refellenda
654 4268 714 4326 fuit
729 4267 928 4344 quorumdam
950 4265 1301 4346 hominumpertinacia,

94 4355 149 4434 qui
164 4374 200 4412 eo
215 4351 334 4430 ingenio
349 4361 436 4428 sunt,
457 4363 494 4412 ut
511 4351 646 4431 quidvis,
671 4352 871 4432 quamtumvis
881 4352 1032 4432 ineptum,
1053 4350 1188 4426 effutire,
1210 4369 1303 4431 quam

95 4437 223 4500 alterius
237 4439 357 4498 iuventa
374 4437 544 4518 approbare
556 4439 668 4500 malint.
710 4437 779 4496 Huc
789 4436 940 4517 pertinent
954 4435 1073 4496 Laberii
1085 4455 1202 4514 versus,
1225 4455 1302 4516 quos

96 4525 218 4606 profert
230 4523 346 4618 Gallius
362 4523 417 4584 lib.
433 4528 482 4590 10.
496 4542 563 4606 cap·
580 4529 630 4592 17.
652 4522 838 4586 Donoars'ras
851 4511 1028 4600 Abderites,
1042 4518 1182 4606 prquam
1199 4519 1303 4604 ptus-
