2884 5044
447 258 531 378 nin.
553 259 575 322 1.
598 259 669 324 on.
691 261 743 328 tu
765 283 795 328 v.
818 263 969 336 14-27.
1239 247 1304 338 “23

100 439 260 494 ventorum
273 431 363 514 ponit
377 450 459 496 mare
473 433 685 512 intumescens,
705 437 799 518 Σῆμα
814 433 847 500 di
859 457 907 502 ιοι
921 428 1046 518 dripere
1058 433 1110 500 eet
1121 433 1299 506 ottotrsvso
1314 479 1322 491 =

98 513 240 582 θάλασσα
258 519 426 604 myrteos.
448 519 560 596 idest,
582 519 699 600 signum
714 529 814 582 autem
831 521 886 581 tibi
908 521 948 582 sit
970 521 1053 584 venti
1074 521 1198 604 orientis
1217 545 1298 585 mare

97 611 281 684 turgescens.
302 613 455 686 praetereo
473 605 526 688 qui
546 605 619 668 irati
639 615 727 688 sunt,
754 603 792 668 iis
821 605 874 668 cor
899 616 1020 688 turgere
1046 607 1155 670 dicunt
1180 615 1296 690 potitae.

96 685 215 752 Homer.
232 689 273 754 ii.
290 687 320 753 s'.
335 689 435 777 [opo]
455 681 541 774 ’Alii
553 713 605 770 μοι
620 685 772 756 οἰδάνεται
791 691 902 777 κραδίη
911 687 995 776 xiim.
1022 689 1136 776 idest,
1162 691 1203 756 At
1214 693 1296 756 mihi

96 775 283 856 eorponitns
298 777 444 856 turgescit
458 775 597 836 tristibus
612 775 676 840 im's.
1108 777 1116 790 '

134 866 187 928 20.
212 859 536 942 Aoao'caasnnrs]
557 863 683 922 monteio
695 862 729 922 in
743 861 836 946 Epiro
854 861 897 924 ita
912 859 1019 940 dictos,
1041 861 1124 944 qnod
1138 881 1172 922 sa
1187 863 1294 926 altitu-

95 943 164 1012 dine
179 945 261 1024 sint,
290 956 328 1008 ut
349 967 561 1028 saepenumero
583 947 713 1010 suinuna
730 958 882 1031 petentur.
930 947 1092 1018 Psuaanias
1114 947 1217 1009 divisit
1233 947 1294 1012 hoc

95 1051 204 1093 nomen
221 1032 257 1092 in
274 1031 385 1092 Atticis
408 1032 452 1114 [v‚
470 1037 550 1110 m:
574 1029 653 1114 dupe
672 1035 737 1096 soie
757 1029 857 1116 o’poiv,
884 1028 906 1097 ii
926 1027 1072 1118 κεραύνια
1091 1031 1230 1117 λέγουσι,
1250 1035 1295 1096 sic

96 1115 198 1196 virgil.
217 1117 326 1200 Georg.
334 1123 363 1185 1.
380 1115 476 1198 [332]
498 1119 568 1178 Aut
581 1118 683 1197 Atto,
705 1131 764 1178 out
776 1117 963 1199 Rhodopen,
984 1129 1042 1178 aut
1053 1119 1122 1178 olto
1139 1119 1295 1181 Carmania

93 1203 150 1262 telo
164 1201 299 1264 viticis·
316 1211 346 1264 et
364 1207 396 1270 3.
413 1203 535 1268 Aeneid.
552 1202 649 1286 [6064
670 1205 876 1272 Provehimur
883 1205 998 1287 pelago
1014 1207 1119 1268 vicmo
1141 1205 1295 1280 Ceraunia

94 1291 192 1351 iussa.
236 1289 316 1350 Mela
332 1285 382 1372 [u,
398 1289 441 1370 3.]
456 1291 585 1350 monteis
600 1290 762 1352 Ceraunios
777 1291 928 1352 nominat:
951 1289 1088 1372 aquibus
1102 1289 1216 1370 (inquit
1229 1292 1293 1370 illo)

90 1373 188 1437 fletus
207 1383 256 1434 est
281 1375 316 1434 in
336 1373 470 1438 antam.
503 1375 652 1454 hffomeis
665 1385 766 1438 sutem
789 1385 915 1460 propter
929 1375 1113 1456 naufragia,
1147 1377 1197 1436 vel
1218 1397 1295 1458 pro·

90 1470 158 1540 pter
175 1459 327 1538 naufiagii
345 1459 515 1540 periculum
541 1481 576 1520 ao
595 1470 723 1541 motum,
743 1472 778 1526 ut
798 1461 849 1524 alii
868 1461 995 1526 malunt.
1027 1479 1080 1542 ego
1101 1469 1198 1546 eutem
1218 1473 1294 1544 puto

90 1553 219 1626 propter
231 1544 386 1623 naufragia
398 1545 480 1626 apud
495 1567 545 1607 eos
561 1545 723 1627 aliquando
734 1549 822 1610 sueta.
842 1569 913 1608 riam
924 1547 1076 1610 sinullum
1088 1565 1232 1628 umquam
1249 1548 1293 1608 ibi

91 1629 283 1708 nmhaginm
299 1632 414 1690 tactum
427 1640 487 1708 est,
515 1631 589 1713 quid
608 1641 654 1694 est
674 1633 757 1714 quod
776 1633 934 1716 quiaqusm
951 1631 1102 1713 naufragii
1123 1631 1292 1714 paniculum
1415 1665 1421 1677 =

90 1715 172 1797 apud
185 1735 239 1777 eos
252 1715 450 1776 extimescat?
666 1729 670 1738 ’
720 1781 725 1793 ,
1116 1737 1119 1746 ⁴

172 1801 514 1872 21.Ncoo1cooan
538 1801 637 1864 Dans
658 1802 856 1883 sss‘crnrr]
877 1803 984 1882 idest,
1006 1803 1292 1866 frustraneus'ter-
1360 1867 1363 1882 ,

89 1905 138 1946 ras
149 1907 178 1984 Ιι
198 1885 278 1948 mari
300 1887 441 1965 seclusit,
464 1887 489 1947 si
512 1894 619 1948 contra
632 1885 713 1948 hanc
727 1889 782 1950 Dei
795 1888 1017 1971 providentiam
1029 1888 1141 1950 audent
1153 1887 1291 1952 hominos

89 1992 128 2030 na

126 1991 237 2124 Ἥ
249 2057 364 2118 Disco
374 2056 534 2138 cunici]
548 2077 637 2137 quem
650 2077 707 2138 par
721 2067 785 2118 erat
796 2058 911 2118 utemis
922 2057 1080 2120 dissociari
1097 2076 1139 2118 ac'
1150 2057 1292 2140 seperari.

173 2147 227 2210 23.
249 2141 405 2224 Inessa]
428 2143 536 2224 impias
558 2142 634 2204 dicit
655 2141 811 2204 hominum
831 2144 948 2222 naveis,
972 2143 1043 2224 quia
1063 2143 1119 2204 Dei
1134 2144 1293 2206 consilium
1358 2156 1362 2168 '

87 2227 238 2307 negligere
252 2221 283 2288 et
295 2227 449 2306 aspernari
457 2227 625 2290 videantur.
637 2227 718 2288 hanc
728 2237 825 2287 autem
834 2227 991 2288 hominum
999 2229 1154 2288 audaciam
1167 2229 1298 2310 impiam·

88 2313 178 2372 etiarn
187 2312 354 2420 Sophocles
362 2313 525 2374 insectatur
537 2313 738 2392 inAntigone,
752 2311 832 2392 [832
839 2335 902 2394 sqq.
911 2312 1031 2393 ed.Br.]
1041 2309 1186 2377 Hoiidrd
1195 2309 1290 2378 δεινά.
1385 2369 1388 2374 ,

87 2393 202 2462 κου’δὲν
219 2393 389 2477 ανθρώπου
408 2393 578 2479 δεινότερον
596 2396 688 2462 πέλει.
734 2401 830 2462 Τοῦτο
852 2397 905 2460 eoi
925 2402 1036 2462 πολιοῦ
1055 2396 1152 2481 πέραν
1172 2391 1292 2478 Hieron

86 2483 226 2570 χειμερίῳ
242 2478 324 2569 νότῳ
342 2487 446 2565 Xupei
456 2485 679 2566 περιβρυχίοισι
696 2485 822 2562 Hesperio
835 2477 887 2546 ὑπ’
901 2481 1025 2586 oidpnos
1041 2491 1097 2566 etc.
1111 2491 1143 2542 et
1159 2483 1289 2564 Oppiam.

87 2567 139 2630 hh.
165 2569 275 2647 quinto
291 2569 324 2628 in
343 2569 510 2648 principio,
530 2569 583 2644 Ὡς
594 2563 686 2632 οὐδὲν
697 2563 878 2652 μερόπεσσιν
894 2563 1071 2650 simoneta,
1092 2561 1206 2630 οὕκένὶ
1218 2569 1290 2652 γαίῃ

86 2652 193 2736 Μητρὶ
204 2659 314 2734 καμεῖν
319 2698 328 2730 ,
350 2649 390 2717 osi
402 2649 511 2720 ιιίιὶιιον
526 2647 573 2718 ἄν’
585 2645 735 2737 moriem
751 2647 918 2736 θαλᾶασης.
940 2653 1030 2735 quein
1045 2653 1178 2734 oppiani
1187 2654 1290 2713 locum

12 2773 14 2784 =
87 2737 408 2804 annotavithiuretus.¹
493 2791 497 2801 .

173 2825 227 2892 24.
248 2821 369 2904 Vane]
397 2821 508 2884 marios
528 2815 695 2898 ticinense.
738 2821 782 2884 lo.
802 2821 984 2884 Passeratius
1003 2831 1105 2884 umen
1124 2842 1189 2882 non
1201 2815 1290 2902 putat

88 2930 154 2972 esso
170 2903 349 2988 ἐλάττωσιν,
369 2909 422 2968 sed
435 2927 491 2990 per
504 2907 582 2970 vada
594 2907 756 2988 significor-i
767 2907 837 2968 loca
849 2909 883 2968 in
896 2909 973 2969 mam‘
986 2907 1237 2990 periculosissima
1260 2916 1290 2970 ot
1318 2959 1326 2968 .

88 2995 121 3054 in
131 2995 243 3076 quihus
253 2989 411 3056 haerentes
423 3013 516 3056 naves
530 3010 618 3074 saepe
631 2991 838 3058 dissolvuntur
850 3003 880 3056 et
890 2993 1137 3076 pestringuntur,
1158 3002 1195 3053 ut
1208 2992 1290 3073 opud
1379 3021 1387 3052 ι

88 3079 249 3160 VirgiIium
271 3066 559 3160 Aeneid.1.[112.]
583 3076 741 3158 Illiditque
759 3077 851 3140 vadia
869 3090 925 3140 etc.
940 3079 1014 3140 ibid.
1032 3077 1136 3160 [636]
1157 3081 1192 3137 in
1206 3075 1290 3140 vado
1357 3136 1362 3146 ,
1381 3109 1385 3122 ’

88 3187 180 3226 coeca
192 3167 277 3228 sulit.
291 3175 320 3226 et
332 3165 386 3226 lib.
397 3169 444 3230 10.
460 3163 534 3244 [303
543 3169 619 3243 aqq.]
638 3165 778 3245 Namque
788 3165 910 3246 inflicta
921 3163 1013 3224 vodis
1027 3163 1118 3224 dorso
1132 3161 1208 3224 dum
1214 3183 1289 3244 pen-
1369 3235 1372 3248 Ι

88 3250 138 3310 det
160 3255 273 3332 iniquo
287 3251 408 3330 Anceps
429 3260 601 3308 centeniaco
621 3245 696 3325 diu,
705 3251 890 3332 fluctusque
898 3251 1038 3334 fatigat:
1060 3249 1216 3327 Solvitur,
1237 3259 1289 3309 αι-

88 3359 145 3418 que
157 3339 246 3400 viros
258 3335 368 3396 mediis
382 3337 501 3414 exponit
516 3337 550 3394 ιἰι
561 3331 664 3398 undis.
684 3367 692 3382 ·
1125 3385 1128 3396 .

173 3423 229 3490 25·
250 3423 384 3486 durax
404 3419 528 3482 orarit
547 3417 813 3500 rnaearrhcur
834 3439 898 3480 non
918 3418 998 3480 dixit
1007 3419 1138 3498 facere?
1169 3417 1291 3499 culpam

87 3507 138 3568 vel
151 3508 310 3584 continuo,
323 3507 375 3568 vel
386 3495 467 3568 certe
478 3504 649 3586 aliquando,
662 3503 799 3584 sequitur
809 3523 915 3588 poena.
936 3525 974 3566 ex
990 3504 1186 3585 consequenti
1199 3504 1291 3582 igitur

86 3595 203 3656 iactum
222 3602 268 3654 est
288 3591 534 3671 intelligendum,
560 3589 642 3672 quod
655 3589 815 3655 antecedit
849 3605 912 3650 non
928 3591 1007 3650 enim
1019 3599 1212 3677 paterentur,
1232 3609 1290 3650 ne·

88 3699 147 3758 que
162 3698 279 3760 poenas
304 3679 410 3740 darent
429 3675 582 3754 homines,
604 3675 664 3736 nisi
679 3673 791 3736 iniusta
805 3684 895 3757 atque
906 3675 999 3758 impie
1011 3677 1154 3740 facerent.
1197 3675 1289 3743 Pres-

86 3775 169 3826 terea
192 3763 242 3829 sic
262 3773 363 3844 potest
376 3763 429 3824 hio
449 3763 536 3824 locus
558 3761 713 3844 explicari.
756 3761 836 3822 Gens
850 3759 999 3840 humano,
1021 3759 1187 3844 propositio
1200 3761 1290 3822 etiarn

86 3859 157 3910 aute
170 3849 281 3925 oculos
292 3843 473 3929 gravissimis
487 3846 603 3928 poenis,
617 3867 681 3908 non
695 3846 863 3908 deterretur
871 3857 972 3908 tamen
985 3869 1002 3906 a
1015 3847 1175 3908 maleficio:
1196 3847 1291 3908 immo

86 3933 228 4016 quemvis
252 3935 417 3998 cruciatum
435 3933 537 3994 subire
557 3953 594 3992 ac
611 3933 745 4014 perferre
764 3941 867 4013 parate
885 3943 951 4010 est,·
972 3933 1136 3998 dummodo
1156 3953 1207 4010 eo,
1229 3951 1290 4012 quo
1331 3971 1335 3978 -

89 4019 245 4102 cupiditas
265 4030 378 4096 vocat,
398 4017 558 4102 pervenire
575 4013 680 4099 possit.
702 4017 746 4077 ita
766 4027 812 4078 est
829 4017 929 4080 audax
950 4019 989 4078 ad
1006 4013 1149 4090 facinoris
1163 4037 1291 4098 poenam

87 4105 308 4182 sufferendam,
329 4115 367 4166 ut
384 4105 423 4167 ad
444 4126 494 4168 res
515 4103 646 4166 nefarias
663 4113 695 4164 et
707 4103 772 4184 lege
786 4103 895 4166 vetitas
907 4105 1140 4167 concitatissime
1151 4112 1182 4164 et
1200 4099 1292 4166 effre-
1412 4173 1416 4182 1

88 4191 246 4252 natissims
258 4195 337 4252 rhet.
928 4237 931 4242 .

175 4281 229 4344 27.
250 4275 388 4338 Αιιῢικ
407 4277 546 4338 lsrrrr
569 4277 699 4354 onnus]
721 4273 925 4336 Prometheus.
947 4275 994 4336 Ex
1006 4273 1137 4336 Hesiodo
1151 4281 1293 4334 autemst

91 4361 246 4443 Aeschylo
278 4363 389 4442 [Proin.
402 4365 443 4437 8.]
467 4371 575 4422 notum
597 4367 658 4432 esti
680 4360 890 4422 Prometheum
912 4361 1012 4440 ignem
1030 4381 1047 4420 a
1065 4359 1294 4444 love‘ooculto-

92 4459 159 4508 tnm
180 4447 379 4524 subduxisse,
399 4445 632 4528 hominibusque
645 4445 845 4526 distribuisse,
867 4457 956 4526 atque
972 4447 1085 4506 obeam
1102 4465 1222 4506 causam
1240 4445 1298 4505 irs-

95 4543 157 4594 tnm
180 4533 283 4595 lovem
305 4533 428 4596 vivendi
450 4532 597 4594 rationem
618 4543 704 4592 entes
728 4531 861 4610 facilem,
883 4531 1033 4613 quietam,
1054 4531 1164 4594 laboris
1185 4552 1219 4591 ao
1243 4529 1300 4591 do-
