2908 5056
340 213 1003 366 ¹niani01›.rv1.'..2's'--4,4.
1083 214 1085 224 ¹
1214 273 1300 338 era
1376 247 1377 252 '

89 459 222 522 vapores
237 439 397 501 crassiores
411 448 443 500 et
454 437 553 500 minus
569 437 715 498 salubreis
731 437 857 502 amittit:
880 439 1083 502 maturitatem
1104 447 1204 502 autem
1214 429 1299 502 'oma-

90 549 159 589 ram
175 519 298 608 quidem
316 525 417 600 illurn,
438 523 492 584 aad
507 521 663 584 salubram‘
676 534 775 584 tamen
795 534 825 584 at
844 525 882 585 ad
903 526 1104 586 ventriculum
1126 545 1301 586 accommo-

91 613 194 674 datam
209 611 363 693 capitique
374 611 480 670 utilem
495 609 611 688 colligit
625 617 656 670 et
670 612 834 694 comparat.
848 620 948 692 potest
963 619 993 670 et
1007 611 1048 677 its
1067 611 1143 688 dici,
1161 611 1302 690 langues·

92 719 164 760 cere
181 701 305 773 vinum,
327 695 409 776 quod
432 696 616 756 maturescit.
657 695 731 755 Nam
755 697 844 756 etiam
867 695 1034 756 Athenaeus
1059 696 1112 755 lib.
1132 705 1160 764 1.
1185 697 1300 770 scribit,

91 783 241 864 quaedam
263 781 334 842 vina
356 781 525 850 tardissime
549 787 765 856 maturescere,
796 781 885 860 quala
903 791 949 841 est
969 767 1194 858 Surre'ntinum,
1217 781 1303 862 quod

92 889 172 930 anno
192 887 285 946 xxm,
311 876 472 948 postquam
493 883 630 948 pressum
654 875 717 945 ast,
746 866 786 928 ad
809 885 897 928 asum
920 867 1213 928 bibendi·idoneom
1236 885 1302 928 esee
1433 891 1435 900 ’

91 955 154 1016 inci
177 951 232 1014 it!
498 997 506 1020 ·,
699 1005 702 1020 .

154 975 232 1108 Ρ87.
253 1033 508 1116 lsrnouruzta]
538 1055 617 1116 quae
635 1035 783 1098 neminem
804 1036 951 1097 veluti‘in
975 1045 1068 1118 portu
1088 1033 1303 1118 conquiescam

92 1122 185 1188 sinit:
213 1123 264 1183 vel
281 1133 360 1203 ‘quae
377 1121 599 1202 quodammodo
620 1141 636 1180 a
660 1131 752 1203 portu
772 1119 922 1203 prohibet.
945 1125 995 1184 sio
1010 1123 1097 1202 epist.
1121 1123 1159 1182 sd
1183 1124 1261 1185 Loll.
1272 1129 1303 1192 1.
1350 1125 1352 1130 ’

91 1213 148 1273 lib.
167 1215 195 1276 1.
216 1208 279 1286 [18,
298 1207 361 1286 28]
383 1209 498 1288 ingemi
511 1208 589 1268 sitim
606 1209 804 1289 importunum
824 1207 966 1287 appellat.
991 1217 1021 1268 at
1039 1210 1137 1288 Satyr.
1153 1212 1183 1274 B.
1203 1209 1256 1268 lib.
1273 1214 1302 1273 1.

27 1359 31 1370 ‚
94 1295 139 1377 [v.
155 1293 197 1374 6.]
217 1295 402 1374 opportunos
415 1279 568 1354 uniuersis.
589 1292 634 1352 sic
651 1292 753 1371 virgil.
771 1292 824 1352 lib.
839 1313 872 1352 n.
889 1293 1013 1354 Aeneid.
1031 1291 1076 1371 [v.
1090 1290 1178 1374 305]
1194 1290 1304 1354 bellum

91 1383 306 1462 importunum.
323 1377 426 1438 eadem
439 1377 603 1437 rationali.
616 1377 745 1449 Tullio,
755 1378 1065 1438 CluentianaSassium
1080 1379 1174 1453 illam,
1193 1378 1304 1438 Cluen·

91 1467 131 1528 tii
145 1475 288 1539 manem,
311 1461 435 1542 [5,12.]
455 1459 605 1522 mulierem
622 1464 820 1543 importunam
836 1463 980 1523 nominat.
996 1471 1027 1522 et
1047 1463 1126 1528 offic.
1142 1467 1172 1528 2.
1193 1477 1305 1545 tyran·
1384 1465 1395 1490 '·

92 1571 166 1612 num
193 1551 410 1630 importunum:
442 1555 473 1606 et
492 1547 627 1607 Verrinia
652 1547 701 1626 [n‚
718 1553 746 1620 1,
767 1555 798 1613 8.
812 1547 859 1628 8.]
876 1541 1012 1608 notarum
1035 1549 1190 1607 immunem
1216 1561 1304 1629 atque

12 1691 22 1704 ,
91 1637 304 1734 importunam.
319 1635 371 1694 Est
381 1633 469 1692 etism
484 1632 686 1712 importunus,
703 1635 756 1712 qui
770 1633 824 1692 vix
838 1653 979 1712 umquam
997 1641 1049 1692 aut
1064 1633 1169 1693 ns'vix
1183 1631 1304 1710 quidem

93 1719 241 1802 quiescit,
262 1727 299 1777 ut
316 1717 405 1800 epist.
420 1717 459 1776 ad
473 1717 530 1777 lul.
546 1717 626 1778 Flor.
642 1718 697 1779 lits.
713 1725 743 1782 2.
761 1715 806 1799 [2,
829 1715 913 1798 186.]
936 1715 1027 1778 Alter
1043 1715 1123 1778 diues
1142 1733 1168 1778 et
1185 1719 1305 1798 impos·-
1396 1743 1399 1748 ·

15 1799 18 1806 ’
92 1820 192 1867 eunus.
216 1813 247 1863 et
267 1805 366 1882 Satyr.
379 1807 408 1870 6.
428 1802 482 1862 lib.
494 1809 523 1870 2.
543 1801 618 1883 [id]
649 1801 838 1883 importunus
860 1787 944 1864 umet
960 1799 1144 1878 laudari.·et
1158 1803 1215 1879 (id.
1230 1823 1304 1878 aur,

93 1890 148 1950 lib.
164 1894 196 1956 4.
219 1887 266 1968 [V.
280 1887 327 1968 9.]
351 1885 541 1968 Impoptunus
557 1891 632 1947 enim
649 1888 813 1948 transuolat
832 1885 936 1948 aridos
952 1885 1091 1964 Quercus.
1112 1897 1143 1948 et
1160 1888 1246 1968 epist.
1264 1887 1322 1948 ad·

94 1976 214 2036 Nuntia.
226 1974 267 2032 lib
287 1980 314 2040 1.
334 1971 380 2054 [v.
396 1971 463 2052 68]
489 1969 615 2034 Cuilibet
629 1971 679 2033 hic
693 1971 807 2056 fasceis
824 1969 909 2032 dubit
928 1973 1084 2054 eripietque
1102 1971 1217 2050 curule,
1245 1969 1305 2035 Cat

78 2057 184 2137 uolet,
206 2061 390 2140 importunus
403 2054 483 2117 ebur.
519 2055 586 2119 Hoc
600 2057 799 2136 igitureentit
813 2057 930 2132 Horat,
946 2077 978 2116 se
996 2062 1112 2116 tantum
1128 2056 1237 2119 habero
1249 2057 1305 2118 bo·
1373 2103 1378 2108 -
1446 2033 1447 2092 l

94 2166 205 2207 norum
220 2145 369 2218 fortunae,
393 2151 537 2222 quantum
554 2145 626 2202 satis
641 2144 680 2202 sit
693 2152 724 2204 et
741 2143 781 2202 ad
797 2141 910 2202 victum
925 2143 1101 2222 cultumque
1116 2153 1145 2203 et
1160 2143 1199 2204 ad
1213 2143 1312 2207 animi

95 2231 276 2312 aequitatem
299 2249 334 2289 ac
349 2229 431 2288 vitae
449 2228 704 2307 tranquillitatem.
736 2229 810 2288 Nam
834 2228 1101 2306 quemadmodum,
1122 2229 1174 2288 eni
1195 2229 1306 2290 desunt

95 2337 146 2378 res
162 2316 201 2376 ad
215 2315 330 2376 victum
343 2313 529 2374 necessarias
538 2357 547 2390 ,
569 2315 596 2374 is
615 2313 717 2393 quieto
734 2321 787 2373 aut
804 2315 902 2374 otioso
920 2313 1018 2373 animo
1034 2333 1098 2374 esee
1114 2335 1174 2372 non
1189 2321 1305 2394 potesta

96 2403 158 2478 sic,
186 2401 234 2460 cui
253 2409 385 2475 tantum,
408 2408 553 2479 quantam
576 2399 649 2460 satis
665 2407 726 2474 eat,
749 2401 902 2478 suppetit,
924 2399 1026 2478 quieto
1042 2408 1072 2458 et
1091 2398 1190 2459 soluto
1206 2399 1305 2460 auimo
1352 2417 1360 2429 ¹

96 2507 163 2548 asse
178 2485 280 2552 dabat.
310 2484 533 2565 limportunum
549 2485 591 2544 ait
607 2497 670 2544 esea
685 2485 790 2544 Festus
799 2529 809 2562 ,
830 2483 862 2543 in
877 2503 937 2564 quo
952 2485 1070 2544 nullum
1088 2485 1233 2546 auxilium
1250 2495 1305 2562 est,

99 2572 186 2632 velut
201 2591 266 2633 esse
281 2570 357 2630 solet
370 2579 478 2650 portua
493 2569 716 2647 navigantibus.
1216 2575 1220 2587 ·
1260 2615 1266 2622 .

183 2660 234 2722 39.
265 2647 506 2718 Conra'acrot
525 2672 558 2714 as.
580 2675 608 2714 e.
637 2653 740 2734 Con]
765 2643 882 2734 Cupido
903 2675 961 2736 pro
984 2653 1152 2734 cupiditate
1179 2643 1310 2734 smper,

98 2740 186 2820 quod
203 2739 411 2822 seiem,'apud
434 2739 516 2800 hunc
541 2745 660 2820 poetam
686 2741 802 2818 generis
822 2748 868 2802 est
889 2739 1065 2816 masculini,
1087 2747 1122 2798 ut
1145 2731 1245 2798 ann'ot.
1268 2735 1308 2798 ad

99 2825 160 2888 0d.
172 2829 240 2892 xvi.
260 2825 311 2886 lib.
322 2832 353 2892 2.
377 2825 527 2898 refrenata
549 2821 675 2907 (inquit)
692 2835 722 2884 et
738 2843 908 2906 compressa
930 2825 1095 2908 cupiditate
1116 2823 1235 2883 facilius
1257 2843 1308 2885 ve-

102 2911 195 2990 ctigal
209 2911 355 2992 pendam,
377 2913 506 2990 quamsi
523 2910 647 2990 Lydiam
665 2929 763 2989 usque
783 2909 821 2968 ad
839 2911 1005 2990 Mygdones
1021 2911 1202 2970 continuem.
1216 2907 1309 2968 habi·

98 3007 166 3060 tant
187 3017 282 3078 porro
295 2995 479 3075 Mygdones,
500 2996 647 3074 attendit
666 2996 775 3056 Strabo
798 2995 849 3056 lib.
869 3003 935 3072 12„
949 2997 980 3056 in
1001 3012 1041 3055 aa*
1051 2997 1174 3076 Olympi
1197 2997 1319 3060 montis,
1445 3005 1446 3056 ὲ

98 3093 204 3164 parte,
227 3101 303 3162 quae
318 3081 357 3142 ad
370 3083 739 3160 Septentrionesmpectat.
785 3077 947 3143 Contracta
962 3091 1060 3146 nutem
1078 3079 1251 3160 legandum,
1272 3087 1327 3142 ut·
1445 3077 1446 3100 ¹

97 3167 213 3230 habant
235 3187 337 3228 omnes
362 3169 459 3228 nostri
478 3166 550 3226 libri
570 3175 687 3241 ueteres
711 3174 741 3224 at
761 3166 898 3238 similiter
919 3167 1050 3244 vulgati,
1072 3185 1134 3226 non
1160 3177 1306 3228 contento.
1358 3207 1363 3216 ·
1428 3218 1431 3230 .

100 3255 262 3314 Contracto
279 3262 378 3326 sutem
394 3253 561 3332 Cupidine,
581 3251 614 3310 id
636 3261 696 3324 ast,
719 3261 872 3311 contracta
890 3251 1067 3332 cupiditate.
1088 3251 1208 3312 tralatio
1222 3259 1277 3312 est.

186 3344 237 3403 41.
260 3338 288 3398 M
297 3336 517 3416 renoscere]
542 3337 574 3396 id
599 3346 658 3413 est,
681 3335 834 3412 Thraciis,
857 3357 910 3396 seu
929 3331 1149 3407 Macedonicis,
1173 3355 1227 3396 sau
1248 3355 1309 3416 poa·
1435 3387 1437 3390 .

99 3425 160 3485 tius
175 3421 322 3502 Phrygiis.
341 3421 400 3482 luit
418 3423 497 3482 enim
512 3421 644 3500 Mygdon
662 3420 780 3498 Thrax,
802 3423 854 3501 qui
870 3419 1030 3500 Phrygiam
1053 3441 1105 3480 seu
1120 3421 1246 3499 Mysiam
1259 3429 1308 3480 te-

99 3512 178 3571 nuit.
200 3509 330 3572 Oditur.
349 3507 447 3579 lib.2.
469 3506 512 3586 [ν.
529 3506 594 3587 22]
631 3506 699 3568 Aut
720 3508 840 3588 pinguia¹
861 3505 1009 3588 Phrygiae
1023 3504 1209 3587 Mygdonius
1229 3527 1308 3586 opes.

100 3596 156 3656 ubi
173 3604 272 3656 mutan
290 3594 413 3654 Servius
434 3593 521 3670 legit,
542 3591 609 3652 Aut
623 3593 757 3672 pinguedo
772 3589 921 3674 Phrygiae
941 3605 992 3650 cut
1015 3587 1203 3672 Mygdonius
1231 3611 1308 3671 opes,

101 3681 149 3743 ad·
161 3681 247 3740 illum
262 3679 368 3757 Virgil.
387 3675 489 3738 locum
505 3677 628 3738 Aeneid.
640 3682 671 3742 2.
688 3675 787 3757 [ved]
829 3677 976 3758 Troianas
999 3689 1032 3736 ut
1053 3697 1122 3758 opes
1143 3684 1202 3738 eto.
1220 3695 1310 3756 quem

100 3787 163 3830 non
178 3783 245 3826 aum
258 3773 391 3828 secutus.
719 3787 722 3792 Δ
943 3797 947 3802 -
970 3783 977 3794 ·
1094 3777 1100 3810 ἰ

185 3855 238 3930 41,
258 3845 537 3928 Maurarurca]
560 3846 664 3906 Croesi
679 3845 790 3926 patria,
812 3855 847 3906 ut
862 3846 955 3906 aiunt.

187 3941 239 4002 42.
260 3937 503 4011 Mourena.
526 3953 603 3992 uus.
627 3931 680 4013 nn]
702 3931 762 3992 hoo
778 3941 839 4009 est,
862 3933 913 4012 qui
930 3930 1022 3992 multa
1037 3939 1194 4012 appetunt,
1215 3931 1311 3992 multa
1390 3935 1392 3944 ⁴

101 4041 164 4084 non
179 4019 299 4081 habent.
312 4030 417 4082 coritas
431 4039 521 4100 supra
535 4018 637 4080 eadam
654 4017 736 4094 Ode,
763 4015 882 4096 Quanto
904 4019 1026 4100 quisque
1039 4013 1098 4077 sibi
1110 4013 1201 4096 pluro
1215 4039 1313 4097 nega-

100 4109 186 4183 uerit,
207 4105 240 4166 id
254 4116 315 4180 ast,
329 4105 622 4186 pauciora-optarit,
637 4113 722 4164 tanto
738 4101 826 4183 plura
841 4101 973 4162 habebit.
992 4101 1243 4183 quamadmodum
1259 4103 1313 4160 So.

102 4201 218 4268 crates,
236 4211 313 4270 quas
327 4211 388 4250 non
406 4189 605 4274 desiderabat,
622 4209 656 4248 ea
672 4189 770 4248 omnia
783 4187 1004 4272 quodammodo
1018 4187 1128 4248 habere
1140 4185 1312 4248 videbatur.
1422 4259 1427 4268 Ι

187 4283 241 4344 48.
263 4278 369 4336 Baua
389 4275 473 4356 ser]
497 4274 647 4338 subintell.
669 4275 708 4334 ei.
1102 4299 1105 4306 ·

189 4366 242 4429 44.
266 4359 411 4436 Panos,
439 4379 541 4432 quon
565 4379 677 4420 saris
700 4379 784 4432 aar,
806 4355 931 4438 manu]
953 4357 1038 4418 dedit
1059 4379 1151 4437 parca
1171 4376 1261 4416 manu
1283 4363 1314 4417 et

103 4456 203 4510 tamen
219 4446 318 4522 dedit,
341 4456 485 4528 quantum
506 4449 577 4506 satis
593 4455 648 4508 ast.
670 4443 838 4525 significat,¹
854 4443 897 4522 ai,
921 4443 971 4524 qui
988 4443 1107 4507 modica
1123 4464 1158 4504 re
1172 4441 1314 4504 familiari

85 4523 266 4596 'contentus
279 4533 334 4613 sit,
355 4533 440 4594 beate
455 4532 558 4598 vivere
571 4531 673 4598 licere.
