2916 5054
28 379 33 392 .
139 247 204 370 ato
477 295 972 390 -eontrttctnntnu

229 475 280 540 23.
302 471 426 534 Trana
449 467 646 550 screnum]
669 467 742 530 alibi
757 465 849 532 udam
866 469 1016 550 appellat,
1038 477 1073 530 ut
1084 469 1144 529 0d.
1156 489 1246 530 xxrx.
1260 467 1356 530 buius

71 565 72 572 ’
113 547 255 636 ''lib.'[v.
270 563 290 626 6
303 563 360 639 sq.]
381 557 551 640 Nesemper
566 552 657 615 ndum
674 554 771 616 libus
786 552 941 616 etAesule
955 545 1201 616 Declivecbntem
1223 553 1294 616 leris'
1304 577 1359 615 ur·

146 667 232 711 num:
255 647 336 704 et'in
354 644 442 724 epist.
465 643 504 700 ad
524 642 654 702 Maecen.
672 647 702 706 2.
718 639 771 700 lib.
789 646 818 708 1.
837 639 880 722 [7,
896 639 962 722 46]
982 662 1118 705 nocuum.
1147 637 1186 700 Sc
1229 662 1359 702 nocuum

101 720 103 728 ’
149 727 245 790 Tibur
256 727 356 811 placet
371 743 423 789 aut
437 724 554 786 imbelle
571 725 742 787 Tarentum.

231 816 289 880 24.
305 818 380 874 Seu
400 834 439 872 nt
451 833 547 884 Quin
560 811 629 892 tr]
648 811 734 892 epist.
753 819 779 876 t.
792 810 846 874 lib.
861 815 890 876 1.
910 811 950 892 [v.
965 809 1029 890 86]
1053 807 1164 870 Nullus
1176 811 1208 868 in
1226 807 1297 870 orbe
1310 805 1360 869 lo·

147 922 199 962 cus
219 897 307 960 Boiis
322 895 472 980 praelucet
494 897 637 958 amoenis.
675 894 808 982 liquidos
832 906 932 958 autem
955 896 1091 979 appellet
1113 905 1240 978 propter
1255 915 1358 986 'aquea

147 985 271 1047 calidae.
1083 1033 1086 1050 .

102 1117 107 1127 .
232 1073 282 1138 26,
304 1067 386 1128 Non
407 1087 457 1126 arr
480 1067 652 1126 Pnrnrrr.
674 1071 795 1128 venas
816 1065 946 1148 tetes]
968 1053 1030 1126 nob
1047 1067 1133 1126 tosus
1153 1075 1184 1125 et
1198 1062 1305 1126 tersui
1321 1063 1358 1125 in

150 1157 250 1234 lugam
265 1153 353 1218 Bruti
377 1163 406 1214 et
421 1153 514 1212 Cassii
537 1153 715 1227 exet·citue';t
727 1174 788 1232 quo
808 1151 838 1212 in
857 1155 973 1232 proelio
998 1152 1118 1214 Cassius
1136 1171 1192 1210 sua
1212 1169 1358 1210 sennenn

150 1240 322 1316 interfecit,
345 1233 453 1299 deinde
476 1247 505 1298 ct
520 1239 631 1298 Brutus
649 1239 753 1318 paucis
770 1247 841 1319 post
858 1239 975 1300 diebus.
997 1237 1069 1298 eide
1092 1237 1149 1297 Od'.
1165 1256 1232 1296 xtv.
1253 1235 1307 1298 lib.
1326 1241 1357 1300 1.

83 1343 89 1351 “
147 1338 178 1388 et
193 1347 248 1386 vrr.
263 1323 316 1385 lib.
328 1331 358 1392 2.
382 1323 422 1406 [v.
438 1323 525 1402 9aq.]
554 1323 662 1384 Tecum
676 1321 832 1404 Philippos
846 1337 873 1383 et
890 1321 1131 1410 oelcremsngom
1149 1319 1235 1382 Sensi
1250 1319 1358 1380 relictui

111 1457 115 1463 -
147 1435 208 1478 non
225 1409 295 1470 bene
307 1407 457 1491 parmula.
480 1419 510 1468 et
527 1409 613 1551 epist.
631 1407 668 1467 etl
686 1408 740 1468 lul.
757 1409 838 1468 Flor.
854 1395 906 1472 llb.
922 1415 951 1474 2.
971 1409 1012 1486 [2,
1028 1429 1058 1470 v.
1074 1406 1138 1488 19.]
1166 1404 1250 1465 Unde
1264 1400 1359 1466 simul

147 1497 286 1580 primum,
301 1518 347 1554 me
367 1491 543 1554 dimiscreP
562 1491 648 1574 ilippi
663 1491 778 1553 Deoisis
793 1492 931 1554 lumilem
946 1495 1052 1576 pennis
1065 1501 1123 1553 etc.
1168 1493 1240 1552 Erat
1255 1499 1358 1550 autem

149 1583 181 1660 in
202 1601 238 1642 eo
261 1579 340 1640 bello
359 1581 465 1640 llorat.
486 1579 625 1638 tribunus
644 1577 781 1638 militum.
806 1581 905 1659 Satyr.
927 1586 956 1646 6.
975 1579 1025 1641 lib.
1046 1585 1075 1642 1.
1101 1577 1141 1658 [v.
1158 1577 1225 1658 46]
1266 1571 1359 1652 Quod

146 1664 222 1726 milti
235 1679 351 1748 pareret
367 1661 443 1745 legio
457 1661 600 1723 Romano
614 1661 744 1726 tribuno.
764 1663 897 1746 Philippi
912 1663 986 1724 urbs
1001 1665 1032 1723 in
1046 1662 1176 1725 Thracio
1191 1681 1245 1742 eeu
1260 1659 1358 1720 Thes-

147 1750 244 1818 salia..
280 1749 335 1810 His
357 1759 456 1826 autent
477 1749 577 1808 verbis
598 1771 680 1808 verso
701 1749 778 1809 ecies
801 1765 877 1811 retro
900 1750 1048 1830 expressit
1073 1751 1223 1810 Graecum
1244 1765 1357 1806 nomen

145 1835 307 1912 παλίωξις,
328 1855 500 1918 quanquam
518 1835 662 1910 παλίωξις
680 1833 827 1914 significat
842 1819 966 1916 pioprie
981 1837 1219 1917 persecutionem
1236 1841 1266 1894 et
1280 1851 1356 1908 cop-

146 1922 325 1998 versionem,
347 1940 424 2002 quae
440 1919 474 1980 fit
488 1919 525 1978 nb
542 1919 590 1996 iis,
607 1919 660 2000 qui
678 1930 764 1980 antea
778 1919 940 2000 fugiebant,
960 1923 1057 2000 qualis
1070 1919 1254 1980 describitur
1268 1918 1306 1980 tt.
1318 1910 1355 1992 ξ’.

174 2065 178 2078 ‚
231 2011 283 2071 27.
305 2006 463 2066 Davors
485 2025 558 2064 nort
580 2021 797 2066 exsrtnxrr
818 2005 924 2086 ann]
946 2027 1046 2082 sacra,
1069 2004 1272 2080 exsecrabilis,
1289 2021 1358 2062 ece·

147 2085 253 2156 lerata.
276 2090 439 2152 Od.xxnr.
460 2088 553 2149 buius
575 2087 626 2148 lib.
648 2088 770 2169 [r.10.]
800 2087 915 2151 Deuotn
935 2092 1065 2152 victima.
1088 2091 1148 2152 od.
1171 2109 1237 2149 xvt.
1265 2087 1357 2168 epod.

83 2159 87 2175 Ι
146 2175 188 2256 [v.
207 2176 249 2254 9.]
273 2171 371 2257 deuoti
385 2174 539 2254 sanguinis
558 2189 649 2232 netas.
674 2173 810 2234 0d.x1v.
827 2175 878 2234 lib.
895 2180 924 2238 4.
940 2175 982 2252 [v.
1000 2175 1043 2252 8.]
1066 2173 1182 2236 Devotu
1196 2175 1285 2233 morti
1296 2195 1356 2254 pe-

147 2275 232 2332 ctora
248 2257 366 2319 liberae.
390 2257 498 2321 Catuli.
516 2257 552 2318 de
571 2265 657 2336 nupt.
674 2257 772 2331 Pelei,
795 2257 859 2337 [64.
880 2255 961 2336 teo]
985 2253 1090 2316 devoto
1101 2259 1242 2336 periurio.
1262 2257 1354 2334 Prop.

146 2343 198 2402 lib.
217 2346 249 2404 2.
276 2341 348 2418 eleg.
364 2345 415 2409 28.
437 2339 479 2424 [ν.
497 2341 564 2420 21.]
600 2337 795 2401 Andromede
814 2343 953 2400 monstris
967 2340 1071 2428 fierent
1095 2339 1198 2401 deuote
1220 2341 1355 2400 murinis.

145 2423 284 2486 Tibullus
300 2423 353 2487 lib.
371 2431 399 2490 1.
424 2425 498 2502 eleg.
514 2427 543 2490 5.
565 2423 610 2504 [v.
629 2425 696 2504 41.]
723 2426 808 2487 Tunc
828 2448 875 2484 me
895 2421 1046 2486 discedens
1062 2423 1196 2486 devotum
1215 2423 1360 2510 foemina.

147 2509 240 2574 dixit.
262 2507 300 2570 de
315 2507 373 2570 bac
388 2509 496 2570 arbore
509 2509 579 2568 vide
595 2507 652 2571 Od.
666 2531 743 2572 xvn.
759 2512 811 2576 lib.
824 2516 853 2576 2.
869 2509 915 2592 [v.
931 2507 1002 2594 22]
1024 2509 1080 2572 Me
1095 2525 1215 2570 truncus
1228 2506 1355 2591 illapsus

148 2593 265 2656 cerebro
287 2592 453 2654 Sastaleret
473 2603 530 2652 etc.
562 2599 591 2651 et
613 2600 748 2652 octavam
772 2593 879 2674 buius,
906 2593 948 2676 [v.
968 2594 1059 2676 lap]
1080 2587 1173 2677 prope
1193 2593 1354 2678 funeratus

144 2676 277 2750 Arboris
290 2679 360 2736 ictu.
376 2687 406 2738 et
422 2685 516 2756 totam
531 2697 599 2738 xttt.
616 2677 671 2740 lib.
687 2685 718 2744 2.
740 2675 798 2740 lile
813 2695 840 2740 et
862 2679 977 2761 nefasto
994 2695 1021 2740 te
1034 2677 1134 2762 posuit
1151 2677 1207 2743 die.
1280 2740 1282 2750 ,

156 2815 168 2848 ¹.
229 2766 281 2844 28.
295 2761 550 2852 detenentia]
573 2765 814 2842 promontorium
830 2766 982 2845 ¹Lucaniae
999 2787 1059 2825 non
1070 2765 1164 2844 longe
1179 2785 1194 2822 a
1213 2761 1308 2840 Velia,
1331 2785 1352 2825 ι

145 2847 288 2910 Palinuro
302 2841 419 2908 Aeneae
437 2845 637 2925 gubernatore
653 2851 784 2927 dietum,
807 2851 886 2910 circa
911 2852 995 2931 quod
1018 2871 1086 2910 cum
1102 2849 1245 2910 Horatius
1259 2851 1354 2910 navi-

144 2941 229 3014 garet
245 2941 335 3012 atque
357 2933 566 2994 eblacedonia
589 2934 620 2997 in
640 2933 755 2994 ltaliam
773 2937 904 3012 rediret,
927 2957 1033 3016 magno
1050 2937 1082 2995 in
1096 2935 1233 3016 periculo
1248 2953 1355 2996 versa-

144 3029 194 3080 tus
215 3027 269 3079 est.
295 3017 378 3097 Virg.
401 3017 472 3078 Aen.
488 3023 516 3084 6.
540 3023 580 3092 [v.
595 3023 657 3086 378
672 3025 730 3100 sq.]
751 3019 830 3080 Nom
849 3037 900 3082 tun
912 3021 1038 3100 finitimi
1058 3020 1146 3104 longe
1162 3017 1278 3105 lateque
1298 3043 1354 3102 per

145 3101 242 3166 urbeis
261 3099 411 3184 Prodigiis
424 3105 487 3164 neti
506 3101 678 3166 coelestibus
695 3127 762 3164 osso
774 3105 901 3186 piabunt
920 3117 976 3168 etc.

229 3193 283 3255 28.
306 3187 535 3268 Urnnrrooe]
559 3189 821 3281 quandocumque.
837 3192 914 3252 uide
925 3199 1026 3252 annot.
1039 3189 1076 3249 ad
1088 3187 1249 3252 Odmv.
1259 3189 1312 3249 lib.
1322 3195 1352 3256 1.

230 3277 281 3342 60.
301 3253 595 3354 Insanlenbert]
619 3284 807 3352 aestuosum,
829 3277 1033 3358 impotentem.
1060 3276 1103 3334 sic
1119 3273 1202 3356 Virg.
1224 3271 1386 3359 Moesici.)

145 3359 220 3436 [uel.
236 3380 279 3430 tx,
291 3363 353 3434 431
385 3356 460 3420 Huc
481 3359 568 3418 ucles:
591 3361 690 3420 insoni
701 3361 818 3444 feriunt
837 3363 900 3424 sine
918 3361 1020 3426 littora
1031 3361 1158 3446 fluctus.
1181 3379 1273 3444 supro
1291 3361 1350 3422 0d.

136 3445 200 3508 alt.
215 3445 268 3504 lib.
283 3447 311 3510 2.
330 3443 371 3524 [v.
387 3444 449 3526 14.]
469 3460 627 3526 gementem
642 3447 818 3525 appellavit.
850 3459 855 3464 “
904 3463 908 3468 “
1178 3453 1184 3474 ‘
1309 3453 1312 3460 ’

226 3533 278 3596 31.
299 3529 504 3614 Testruna]
517 3549 619 3624 ‘supra
643 3532 701 3592 od.
722 3551 757 3594 11.
783 3531 875 3596 buius
896 3533 951 3596 lib.
978 3538 1020 3610 [v.
1041 3539 1105 3610 22]
1128 3547 1236 3616 negato
1257 3545 1350 3592 tentat

66 3647 68 3654 v
103 3659 107 3666 ,
141 3615 197 3676 iter
215 3615 275 3676 vin.

227 3707 281 3767 61.
303 3699 502 3760 Anenrrts
522 3701 689 3782 annuae]
711 3701 898 3782 aptissimum
915 3702 1091 3783 epithetum.
1115 3701 1233 3764 Lucret.
1249 3701 1302 3760 lib.
1316 3707 1365 3766 2.·

143 3783 292 3866 [v··376.]
315 3783 448 3846 bibulam
472 3779 545 3846 looit
567 3810 678 3870 oeqttor
698 3797 826 3849 tirenum.
877 3789 944 3850 Non
967 3789 1161 3850 dissimulabo
1182 3797 1290 3856 tamen,
1313 3787 1347 3846 iu

142 3869 322 3955 quibusdam
338 3871 561 3951 exemplaribus
578 3873 670 3952 antiq.
693 3876 841 3954 seriptum
859 3897 923 3936 esse
943 3876 1083 3954 areanis,
1105 3893 1194 3956 quant
1210 3875 1346 3953 scriptu-
1431 3877 1438 3888 '

141 3976 207 4018 tem
224 3977 287 4016 non
303 3956 401 4018 minue
418 3957 530 4036 probo,
556 3979 646 4036 quant
658 3969 821 4038 receptam.

229 4048 280 4110 84.
303 4041 541 4122 Concanum]
566 4043 696 4103 Concani
713 4036 889 4105 Cantabriae
903 4045 1022 4126 populi.
1048 4045 1185 4104 Concana
1197 4041 1275 4102 enim
1292 4042 1358 4102 nu-·'
1402 4078 1407 4088 ι

142 4138 238 4188 meret
258 4128 445 4188 Ptolemaeus
468 4127 498 4188 in
521 4127 696 4190 Cantabriae
719 4123 845 4191 urbibus
871 4129 924 4192 lib.
948 4136 978 4196 2.
1002 4127 1067 4211 [6,]
1089 4131 1121 4190 in
1143 4129 1348 4210 descriptione
1380 4135 1386 4184 ἱ

142 4213 302 4294 Hispaniae
317 4212 564 4291 Tarraconensis,
587 4223 616 4274 et
634 4215 755 4294 quidem
773 4236 836 4276 eam
856 4215 984 4295 primam
1004 4217 1098 4279 locat.
1136 4215 1227 4292 Quod
1247 4225 1348 4276 autem

142 4299 247 4360 Horat.
264 4303 421 4360 Consanos
440 4299 550 4380 equino
568 4300 711 4378 sanguine
726 4301 820 4362 laetos
842 4304 896 4362 ait:
917 4299 995 4360 nibil
1015 4303 1191 4384 talelneque
1208 4301 1245 4361 de
1260 4301 1350 4360 Con-

142 4387 225 4446 canie
254 4406 352 4464 neque
377 4385 415 4445 de
443 4385 591 4448 universis
614 4387 770 4446 Cuntabn's
799 4407 941 4466 umquam
965 4383 1042 4465 legis
1071 4409 1109 4448 ne
1133 4390 1198 4468 ipse
1224 4387 1348 4466 quidem

140 4465 262 4546 Strabo,
294 4471 470 4549 quilius.
494 4471 537 4554 [p.
559 4471 643 4552 161]
666 4473 760 4533 multa
784 4474 823 4534 de
848 4472 1066 4552 Cantabrorum
1088 4475 1185 4534 victu‘
1201 4474 1347 4550 cultuque

138 4556 225 4636 plane
246 4555 397 4634 barbaro,
426 4557 534 4657 agresti
544 4567 647 4639 *etque
667 4559 788 4622 immani
812 4559 972 4622 memoriae
993 4558 1133 4640 prodidit
1140 4603 1151 4640 ,
1182 4559 1345 4640 quicquum
