2884 5044
1155 189 1161 202 '
1253 201 1320 252 xus

48 307 52 372 Ξ
123 349 206 424 tium
237 371 294 422 an
309 301 314 306 ¹
327 331 596 448 disciplinarum
628 345 811 422 verissimo
835 309 1080 524 cognomento
1102 369 1232 449 parens
1257 375 1320 454 ap·

119 451 292 569 pellatur,
338 451 401 552 qui
427 479 489 528 rua
508 473 678 544 unorum,
718 449 787 552 qui
816 452 876 526 foe
902 479 962 524 am
993 452 1213 547 bonarium,
1255 453 1320 554 qui

121 567 364 658 gratorum,
402 553 467 656 qui
493 581 626 629 creseat
652 555 817 642 tenebras
846 579 866 628 e
892 553 1046 646 scholis„
1084 555 1317 650 anubibus,
1399 597 1406 620 κ

121 677 235 736 etotu
261 656 384 732 Gallia
407 685 475 732 suo
505 655 699 760 splendore
732 657 953 758 depelleret,
983 660 1143 760 fugarat,
1170 638 1316 760 diisipn'·
1378 665 1392 674 '

119 781 184 835 ret:
207 761 390 834 sermonis
415 759 608 858 Hebraiei,
641 761 791 854 Graeci,
824 761 964 854 Latini,
997 761 1161 838 omnium
1181 763 1316 842 ,artium

115 863 349 939 honestarum
390 884 427 940 st
457 857 678 966 reipublicae
711 865 855 940 utilium
887 863 1006 940 studia
1040 865 1076 938 in
1105 864 1317 942 horninibus

116 967 262 1068 ingenio
303 968 565 1069 praestantibus
606 987 856 1046 commoveret
894 975 1002 1069 atq'ue
1036 969 1218 1054 excitaret.
1269 969 1315 1044 ld
1362 1047 1364 1056 ,

115 1091 230 1146 autem
256 1071 329 1150 hae
353 1069 493 1162 ratione
516 1089 698 1151 'assecutus
725 1092 788 1157 est.
840 1071 1003 1148 Lutetiae
1026 1071 1224 1148 duodecim
1249 1071 1315 1147 do·

113 1195 228 1250 utores
264 1174 397 1277 partim
433 1175 557 1251 Gallos
596 1179 656 1274 (iu
683 1170 817 1278 quibus
843 1198 946 1252 eraut
977 1175 1038 1250 illa
1064 1175 1204 1250 Galliae
1231 1195 1313 1253 tuae

36 1291 37 1310 ³
114 1299 340 1374 ornamenta,
365 1277 577 1355 Franciscus
602 1275 807 1375 Vatnblus,‘
821 1280 861 1356 P.
878 1277 1071 1364 Dauniae,
1099 1278 1218 1364 Iacob.
1235 1279 1313 1354 Tu·

111 1407 233 1475 mnus,
262 1382 373 1478 Dion.
400 1381 624 1480 Coronaeus,
650 1382 1179 1484 01·ontiusllinaeus)partim
1206 1379 1312 1466 edre,-
1364 1465 1369 1478 ‚

111 1510 189 1557 nas·
207 1485 275 1586 (ip'
304 1485 438 1588 quibus
455 1479 576 1562 'erant
607 1487 704 1570 Bart.
737 1485 911 1562 Latomus
945 1486 1169 1578 Germanus,
1210 1485 1309 1562 loun.

110 1582 294 1682 qulatius
320 1587 526 1692 Hiip'auue,
551 1589 729 1694 Agathius
754 1583 1015 1674 Guidaoeriua,
1040 1587 1186 1667 Paullus
1207 1589 1310 1666 Para·

110 1687 224 1784 disus,
258 1713 416 1794 uterque
441 1693 525 1768 item
551 1693 752 1796 Hispanus,
795 1693 895 1780 Ioan,
914 1691 1117 1768 ‘Strecelius
1142 1691 1309 1787 Flander,

108 1791 221 1874 Vidua
250 1793 382 1870 Vidius
407 1797 662 1895 Florentium)
688 1795 875 1900 proposito
909 1817 1018 1898 atque
1051 1795 1224 1874 attributo
1257 1795 1332 1882 sia¹

106 1891 361 1995 honestissimo
389 1901 551 2000 praemio
576 1901 743 1978 institnit:
768 1924 927 2002 quorum
952 1899 1015 1976 ulii
1037 1897 1308 1974 mathematicae

105 2001 227 2096 arteis;
261 2001 322 2076 olii
349 2001 546 2078 Hebraieas
570 2004 741 2100 tirtamus
760 1987 828 2102 alii¹
847 2003 1021 2098 Graecas,
1064 1997 1132 2076 alli·
1151 1999 1308 2096 Latinas,

105 2103 163 2176 alii
187 2103 461 2206 philosophiam
495 2135 539 2182 ox
572 2107 659 2208 ipsis
693 2109 855 2202 lontibus
880 2105 1063 2200 hannem,
1106 2103 1167 2177 alii
1192 2125 1306 2180 artem

106 2203 299 2308 medendi,
336 2229 374 2282 et
398 2211 551 2286 maxime
585 2213 671 2284 eius
687 2218 823 2314 partem
850 2235 947 2304 enm,
981 2233 1074 2310 quae
1100 2205 1323 2310 chirurgiae
1409 2207 1416 2228 ‘

106 2309 300 2388 aGraeeis
324 2313 518 2412 apellatur,
543 2313 691 2414 publice
716 2308 909 2390 docerent:
950 2311 1143 2388 Francisco
1165 2335 1308 2386 succes·

104 2413 148 2488 sit
171 2413 342 2510 Erricus,
383 2415 608 2518 dignissimus
634 2437 734 2518 patre
765 2414 883 2506 filius,
917 2435 1020 2512 pater
1045 2435 1150 2508 tuus,
1183 2431 1306 2516 return

106 2511 202 2590 dorni
240 2519 409 2618 surisque
446 2537 625 2622 gestarum
658 2517 772 2622 gloria
799 2515 1036 2604 clarissimus,
1055 2525 1059 2532 '
1078 2515 1142 2612 qui
1167 2533 1306 2611 patrem
1417 2575 1418 2580 ,

106 2643 185 2692 oum
209 2619 343 2698 ceteris
367 2622 477 2694 rebus
493 2620 670 2698 *omnibus
696 2647 812 2720 paene
834 2615 994 2722 vestigiis
1021 2615 1110 2714 ipsis
1136 2638 1308 2713 persecug
1393 2675 1400 2682 .

104 2741 159 2795 tus
191 2745 268 2820 est,
310 2743 401 2806 tum,
424 2723 555 2798 eximio
588 2723 626 2796 in
662 2721 838 2798 litteratos
871 2741 908 2798 et
943 2715 1104 2805 eruditos
1135 2717 1304 2796 homines

102 2851 222 2900 amore
258 2825 450 2903 aestudio
476 2853 560 2902 cum
584 2826 650 2900 illo
675 2825 843 2902 certavit:
869 2843 977 2925 atque
1000 2823 1213 2908 insuram,
1239 2821 1304 2922 qui

103 2928 159 3002 rel
192 2949 419 3004 excesserant
453 2957 473 3005 e
506 2931 575 3004 vita
616 2931 675 3006 rel
707 2928 842 3033 alioqui
883 2955 946 3002 sua
964 2947 1112 3024 sponte
1146 2923 1303 2998 docendi

102 3037 254 3107 munere
280 3031 446 3108 defuncti
471 3033 636 3128 fuerautj
665 3034 788 3106 loc'um
814 3029 910 3104 viros
940 3027 1093 3130 ingenio
1120 3025 1302 3102 doetrina-

101 3159 171 3234 que
185 3137 423 3234 praestanteis
439 3137 640 3230 substituit,
664 3137 702 3211 P.
719 3133 974 3226 Gallnndium,
999 3129 1119 3206 leoolr.
1135 3129 1300 3216 Silvium,

101 3239 169 3312 lac.
196 3239 404 3342 Gopylum,
429 3241 505 3316 Pet
531 3241 707 3333 Remum,
731 3234 882 3316 Adrion.
902 3235 1134 3327 Turnebum,
1161 3235 1220 3308 Fr.
1235 3233 1302 3326 vij-
1410 3241 1411 3252 ’

92 3361 365 3436 ,comerentum
380 3341 479 3418 Ioan.
493 3343 692 3436 Auratum,
717 3339 947 3417 Paschasium
959 3337 1184 3432 Heredium,
1199 3337 1298 3411 loun.
1401 3365 1409 3438 ᾗ

104 3443 327 3546 Calignium,
352 3451 454 3526 loen:
469 3447 637 3542 Ponam,'
650 3443 702 3520 lo.
722 3443 950 3533 Mercerum,
972 3439 1164 3516 Bartinum
1181 3430 1302 3515 Corui·
1407 3455 1409 3532 j

102 3566 189 3638 tem,
213 3547 311 3628 llod
335 3551 489 3624 Batinum
514 3551 750 3643 Britannum,
774 3547 829 3626 lo,
857 3541 1211 3644 Quinquarboreum.
1246 3543 1300 3618 lta
1406 3635 1407 3646 ἵ

103 3671 259 3751 utroque
285 3673 461 3758 regnante
494 3675 586 3728 artes
595 3705 611 3738 ,
650 3653 813 3746 litterae,
849 3647 1060 3748 disciplinae
1096 3673 1222 3720 omnes
1262 3647 1299 3720 in

102 3753 214 3828 Gallia
257 3757 473 3832 floruerunt.
548 3757 642 3834 Nam
685 3781 868 3830 armorum
906 3749 1055 3852 quidem
1100 3765 1299 3850 rerumque
1404 3781 1405 3788 ¹

100 3855 313 3932 bellicarum
336 3860 453 3964 gloria
477 3859 548 3936 iam
573 3857 717 3962 pridem
739 3857 867 3936 ceteris
887 3853 1092 3930 nationibus
1119 3875 1181 3943 aut
1195 3877 1298 3954 pares
1402 3861 1404 3878 ⁴

101 3960 292 4046 autetiam
317 3963 522 4064 superiores
553 3989 708 4038 eramus:
740 3961 940 4036 litterarum
965 3977 1085 4034 autem
1111 3977 1220 4058 atque
1243 3983 1298 4030 ar·
1378 3967 1403 4048 -J

104 4061 190 4135 tium
227 4065 345 4160 libero
384 4065 574 4172 dignarum
596 4063 799 4159 laudibus,
830 4084 1045 4162 ·antequam
1083 4061 1298 4134 Fran'oiscus
1339 4098 1341 4108 ·
1383 4107 1385 4112 ·

100 4191 186 4239 avus
211 4187 295 4242 tuus
318 4195 473 4270 regnunt
501 4169 825 4262 obtineret‚eerte
851 4165 1097 4242 t‘incebamur.
1135 4173 1297 4240 Atnune
1367 4219 1379 4228 .

101 4265 210 4342 iidem
235 4269 417 4350 Francisci
443 4273 499 4349 avi
525 4273 579 4350 tui
610 4293 647 4347 et
678 4271 794 4346 Errici
846 4269 945 4348 atris'
961 4267 1140 4344 beneficio
1166 4267 1214 4344 ita
1239 4267 1297 4340 lit·

104 4377 191 4448 te'rns
217 4375 370 4479 amplexi
399 4404 542 4476 snmus,
579 4397 723 4462 utnon
750 4301 860 4453 modo
885 4375 956 4449 iam
980 4399 1063 4448 curn
1090 4369 1296 4482 Germania,
