2900 5050
42 261 48 271 .
152 173 219 284 na
336 277 337 280 Ν
466 193 1077 314 'uo‘uluuclnnrur..⁸

151 385 226 448 meis
240 341 640 467 ossibusterruninieceqia.
681 385 851 467 Significat,
874 351 971 448 scelus
991 386 1189 450 admissurum
1202 379 1354 450 restrium

45 513 47 518 ·
151 483 242 552 atque
274 471 469 552 inexpiabile,
498 470 556 530 nisi
580 471 708 534 cadaver
741 491 829 534 suum
869 473 1052 553 insepultum
1085 465 1239 554 repertum
1271 485 1358 543 terra

78 620 83 639 Ι
151 559 262 619 iniecta
274 565 372 636 tegat,
396 557 479 636 quod
500 557 673 636 sepulturee
691 577 783 636 genua
802 567 869 630 eret
891 557 1024 620 omnium
1047 569 1245 638 postremum.
1288 560 1356 620 Ve-

150 653 318 706 rumtamen
347 642 398 720 qui
425 661 536 722 corpus
563 643 745 724 insepultum
775 643 954 722 reliquerat,
990 663 1088 722 neque
1113 645 1218 712 saltem
1243 645 1357 706 iniecta

150 729 238 808 gleba
253 727 426 806 sepelierat,
447 725 507 787 lroc
518 728 631 806 nelasa
649 749 682 788 se
697 729 858 789 admissum
871 749 964 808 porca
983 729 1182 810 praecidanee
1201 731 1355 792 immolata

125 815 274 894 ·expisra
293 831 328 871 ac
348 812 433 872 luere
456 822 592 892 poteret,
617 823 652 874 ut
674 813 765 875 docet
788 815 892 874 Festus
910 815 941 874 in
965 833 1040 876 voce
1061 813 1275 896 praecidam,
1303 839 1357 877 serr

144 895 341 990 praecidaris
354 919 434 978 agna
446 911 474 956 et
490 921 594 979 porca.
1139 937 1143 952 .

200 1025 203 1037 .
235 985 287 1052 55.
311 983 689 1065 Quemquamne]
711 988 819 1044 iterum
842 985 943 1046 studet
963 984 990 1044 ei
1012 984 1195 1047 blandiendo
1221 1006 1357 1076 perqua-

72 1123 77 1130 .
152 1069 240 1146 dere,
263 1066 406 1128 ut'hunao
421 1067 530 1130 iniecta
547 1089 659 1152 corpus
672 1080 921 1149 nuumcontsgat.

236 1159 287 1222 36.
309 1152 477 1212 lurucuo
501 1175 573 1214 rua
593 1177 701 1216 ruer.
725 1157 829 1236 cuin]
850 1156 944 1216 tradit
961 1155 1001 1216 Μ.
1013 1155 1092 1220 Tull.
1116 1157 1168 1216 lib.
1184 1161 1215 1224 2.
1238 1158 1356 1220 ‹leLe-
1434 1217 1435 1232 ,

152 1239 257 1320 gibus,
280 1237 344 1318 [22
360 1237 583 1318 57.]‘lsumnlos
601 1244 721 1322 proprie
741 1239 838 1304 diores
858 1263 919 1302 esse
933 1263 996 1318 eor,
1026 1261 1101 1324 qaoa
1120 1241 1226 1304 luamus
1247 1243 1358 1306 iniecto

152 1339 329 1407 contegeret,
350 1343 480 1404 eumque
496 1331 612 1386 rnorem'
629 1347 645 1384 a
660 1326 726 1385 iuie
741 1323 911 1406 pontificali
923 1327 1111 1404 confirmari,
1134 1329 1225 1408 quod,
1248 1329 1357 1408 prius-

153 1430 244 1490 quam
259 1410 290 1468 in
314 1429 347 1468 os
368 1411 477 1470 iniecta
499 1411 586 1488 gleba
610 1413 665 1486 sit,
693 1413 784 1472 locus
805 1413 872 1488 illa,
897 1413 950 1474 ubi
974 1423 1146 1474 crematum·
1160 1419 1270 1494 corpus
1298 1425 1356 1492 est,

152 1493 230 1556 nihil
248 1494 359 1554 habeat
379 1495 543 1572 religionis.
592 1498 631 1557 Et
651 1497 755 1557 Varro¹
774 1497 827 1558 lib.
844 1503 876 1564 4.
900 1497 944 1578 [p.
966 1503 997 1562 9.
1020 1499 1068 1558 ed.
1090 1499 1172 1580 uqa]
1195 1499 1233 1560 ds
1252 1499 1355 1578 lingua

17 1645 26 1653 ,
81 1605 89 1612 ·
153 1581 257 1642 Latina
274 1580 395 1654 scribit,
419 1581 520 1658 quoad
534 1582 601 1661 quis
613 1579 788 1643 inhumatus
809 1584 864 1658 ait,
888 1584 941 1662 qui
961 1583 1073 1645 Romae
1096 1585 1270 1646 combustus
1294 1605 1357 1646 non

154 1677 229 1748 est,
247 1677 299 1726 aut
319 1667 406 1726 cuius
425 1665 455 1724 in
475 1665 675 1748 'sepulchrum
697 1669 808 1729 iniecta
837 1668 925 1747 gleba
947 1690 1009 1728 non
1034 1679 1095 1742 eat,
1115 1661 1192 1728 -eini
1212 1669 1358 1732 familiam
1434 1675 1435 1682 ’

154 1753 451 1822 lunestsmmanere.
494 1753 533 1814 Et
552 1753 675 1817 Servius
695 1755 733 1813 ad
755 1753 837 1814 huno
857 1756 958 1814 locum
974 1755 1079 1832 Virgil.
1102 1753 1154 1814 lib.
1172 1761 1205 1822 6.
1230 1756 1356 1818 Aeneid.

81 1843 90 1852 '
156 1837 203 1918 [v.
220 1836 306 1920 176.]
327 1837 379 1896 ubi
390 1837 522 1898 Misenus
535 1839 690 1918 sepelitur,
704 1838 865 1920 Praecipue
874 1841 943 1920 pius
954 1839 1074 1900 Aeneas
1087 1849 1142 1903 etc.
1165 1838 1242 1902 haec
1257 1842 1359 1902 ascri·-

153 1922 215 1999 bit,
247 1923 360 2004 Quide
378 1923 502 2003 pietatis
526 1925 684 2020 qeneribua
705 1925 909 2002 seripserunt,
926 1925 1061 2004 primum
1083 1910 1185 1985 locrirn
1200 1926 1233 1986 in
1251 1929 1357 2008 sepul-

153 2017 222 2070 tura
237 2029 301 2069 esre
315 2007 492 2072 voluerunt:
505 2009 587 2068 unde
601 2030 670 2072 cum
684 2011 875 2090 pontificibus
891 2011 974 2069 nefas
990 2023 1078 2085 esset,
1095 2011 1226 2084 cadayer
1240 2011 1357 2091 videre,

152 2081 247 2174 uirgis
272 2103 371 2156 tamen
389 2091 478 2154 ¹nefas
503 2095 602 2156 sereret
621 2097 647 2154 ai
669 2098 766 2156 visum
787 2097 973 2178 insepultum
996 2096 1210 2175 relinquerent.
1253 2098 1357 2158 Genua

154 2191 254 2242 sutem
276 2181 445 2260 sepulturae
472 2181 588 2258 fuerat,
621 2182 744 2257 iniectio
771 2181 924 2261 pulveris,
950 2182 1029 2246 unde
1051 2192 1112 2252 est,
1141 2197 1194 2242 eut
1221 2197 1253 2243 tu
1282 2183 1358 2243 milri

153 2282 262 2328 terram
277 2264 370 2328 laites
379 2311 388 2343 ,
411 2265 557 2326 effloret.
573 2281 686 2327 nonest
703 2284 788 2328 moro
807 2265 913 2348 longo,
930 2263 1036 2328 'licebit
1059 2263 1171 2328 Inieeto
1192 2282 1220 2328 te
1239 2266 1360 2350 pulvere

155 2373 266 2416 osrrrns.
310 2352 393 2411 ldeur
407 2355 530 2418 Servius
546 2351 584 2412 ad
607 2354 693 2413 illum
707 2353 809 2412 locum
825 2353 920 2414 siusd.
939 2351 997 2412 eod
1012 2352 1063 2412 lib.
1081 2355 1166 2434 inops
1186 2353 1357 2416 inhumata·

154 2463 212 2524 que
232 2435 334 2515 serlo,
362 2435 484 2518 Inopem
508 2436 629 2521 (inquit)
652 2439 794 2514 intelligit
821 2439 883 2502 aine
904 2435 1036 2518 pulveris
1064 2439 1158 2500 iactu.
1201 2440 1274 2500 Nam
1295 2437 1358 2522 Ops

154 2535 235 2586 terre
259 2533 315 2586 est.
356 2524 481 2584 Iniectio
502 2535 601 2584 sutem
622 2523 687 2584 fieri
709 2533 828 2605 poterat
852 2522 941 2584 eriam
967 2525 1032 2584 sine
1054 2524 1218 2600 cadavere,
1249 2545 1358 2605 nempe

156 2610 336 2690 quibusdam
355 2608 448 2668 santa
470 2610 669 2686 sollennibua,
691 2630 730 2668 ex
747 2611 810 2670 ¹ritu
830 2609 1009 2688 pontificali,
1033 2619 1062 2670 et
1084 2611 1238 2690 sepultura
1258 2611 1358 2670 inania

118 2693 121 2701 ’
154 2691 333 2758 tantundem
345 2695 483 2768 valebat,
503 2703 645 2773 quantum
659 2695 758 2776 plana,
770 2704 806 2754 ut
823 2695 988 2784 intelligere
1005 2696 1078 2755 licet
1094 2715 1132 2756 ex
1148 2715 1191 2770 ea,
1209 2717 1268 2776 qua
1284 2698 1359 2758 Dei-

156 2780 276 2864 phobus
288 2781 413 2840 effectus
423 2790 475 2839 est.
498 2781 573 2840 Nam
585 2779 682 2840 nilrilo
697 2781 795 2842 minus
807 2779 871 2840 eius
884 2780 992 2840 umbre
1004 2791 1174 2842 transvecta
1188 2791 1241 2855 est,
1250 2802 1359 2864 quapr-

155 2876 204 2926 vts
220 2867 247 2926 ei
261 2865 376 2926 Aeneas
391 2863 775 2944 cenotaphiumrlumtaxat
788 2865 912 2941 lecerit,
934 2866 966 2925 id
982 2875 1044 2943 eat,
1066 2868 1215 2928 tumulum
1228 2867 1359 2948 insuper,

155 2961 194 3012 ut
206 2951 260 3012 lib.
276 2945 310 3017 6.’
324 2953 397 3014 Aen.
416 2947 464 3030 [v.
478 2953 541 3017 505
559 2949 623 3034 sq]
649 2951 735 3012 Tunc
754 2940 1031 3032 egomrtffumuluna
1042 2947 1192 3012 Rhoetneo
1212 2953 1244 3010 in
1260 2949 1363 3012 littore

53 3031 58 3040 ’
156 3038 275 3097 irionem
288 3033 451 3109 Constitui,
473 3051 499 3095 et
513 3055 624 3116 magne
639 3052 795 3096 monaster
813 3057 885 3097 uoce
904 3037 1008 3096 vocavi
1028 3047 1085 3096 etc.
1128 3037 1279 3096 llonibile
1298 3041 1363 3096 'au—

45 3177 46 3180 ,
157 3131 217 3182 lem
231 3131 262 3182 et
276 3121 504 3182 formidolosum
525 3121 616 3181 fuisse
636 3111 789 3184 veteribus
809 3122 870 3181 illis
892 3123 990 3182 iecere
1010 3119 1208 3198 inhumstos,
1217 3141 1287 3182 cum
1308 3123 1363 3182 alii
1397 3183 1401 3188 ,

157 3209 336 3286 scriptores,
358 3216 424 3266 tum
436 3207 563 3266 maxime
579 3212 686 3287 potitae
701 3195 865 3268 aeclaraut.
906 3205 1155 3286 Hectorquidena
1172 3207 1255 3288 apud
1271 3207 1362 3269 Hom.
1434 3199 1435 3226 ¹

158 3293 196 3356 il..
209 3287 242 3373 χ’.
265 3298 305 3368 [v.
314 3298 377 3374 857
391 3297 470 3372 sqq]
489 3292 608 3354 iamiam
623 3295 787 3354 moriturus
802 3293 833 3352 in
843 3294 940 3371 magni
960 3293 1095 3354 beneficii
1109 3293 1178 3352 loco
1189 3293 1228 3351 nb
1242 3291 1363 3356 Achille

156 3380 251 3460 petit,
272 3399 310 3438 ne
325 3399 356 3439 ae
372 3379 494 3437 canibus
515 3379 738 3440 dilacerandum
761 3381 931 3456 relinquat,
952 3379 1005 3438 aed
1021 3378 1101 3458 patri
1119 3377 1236 3439 Priamo
1255 3381 1363 3459 potius

156 3466 306 3542 matrique
320 3463 462 3524 Hecubae
474 3463 677 3544 sepeliendum
693 3474 783 3544 atque
802 3462 988 3538 humandum
1003 3463 1122 3524 reddat.
1164 3463 1256 3544 Apud
1279 3485 1365 3526 eun-

158 3549 227 3610 dem
243 3549 397 3610 Patroclus
409 3547 516 3610 Achilli
530 3549 560 3608 in
576 3551 687 3610 somnis
702 3549 838 3610 obiectus
851 3558 1013 3624 numerat,
1037 3559 1072 3608 ut
1084 3567 1116 3608 se
1130 3552 1362 3630 quamprimum

158 3637 313 3715 sepultura
329 3634 450 3711 afficiat,
470 3655 510 3694 ne
523 3635 560 3693 ab
575 3635 700 3706 introitu
713 3647 743 3694 et
756 3635 834 3694 ostio
848 3635 1013 3694 inferorum
1026 3633 1221 3696 excludatur:
1232 3635 1363 3708 ,umbras

159 3721 237 3784 enim
253 3729 283 3780 et
297 3740 397 3778 manes
413 3721 470 3780 ribi
486 3720 623 3798 obstare,
645 3721 804 3800 quominus
824 3719 952 3780 fluvium
974 3719 1113 3783 traiicere
1130 3721 1238 3800 possit,
1265 3721 1362 3782 ideo-

157 3825 218 3886 qus
235 3825 270 3949 eq
285 3805 391 3951 vagaqq
410 3816 441 3866 et
449 3825 570 3970 'eqrarq
575 3827 644 3956 ¹per
662 3816 760 3970 vJaagq
782 3806 854 3865 Orci
877 3804 1062 3910 sqlitudines.
1107 3805 1205 3952 Verqu
1230 3806 1362 3956 1²3⁵qu

159 3901 230 3952 suut
273 3910 340 3970 aec,
393 3905 469 3969 .,ψ.
503 3909 532 3950 v.
608 3911 672 3970 sqq.
739 3913 813 3954 cresc
836 3912 873 3970 με
889 3913 951 3954 om
972 3908 1108 3969 zuzim,
1138 3913 1182 3954 rso
1203 3913 1239 3964 ας
1344 3915 1362 3954 o

36 4002 40 4010 “
157 3979 297 4058 περῆσαι.
344 3973 421 4052 Τῆλέ
443 3997 479 4054 με
503 3975 635 4057 εἴργουσι
662 3975 775 4056 ψυχαὶ,
803 3977 911 4038 el'lorlrr
931 3970 1107 4054 καμόντων,
1138 3968 1220 4038 olet
1239 3975 1276 4056 pl
1296 3999 1363 4054 πως

159 4064 321 4142 μίσγεσθαι
341 4056 419 4140 ὑπὲρ
440 4067 586 4138 ποταμοῖο
607 4060 712 4122 triow·
738 4053 816 4122 'All'
835 4055 933 4134 αὕτως
954 4055 1106 4142 ἀλάλημαι
1121 4055 1175 4122 oiv'
1196 4055 1365 4143 εὐρυπυλὲς
1434 4083 1435 4090 ’

150 4143 256 4222 Ἀΐδας
280 4147 348 4207 eloi*
376 4145 509 4204 Ariadna
531 4164 653 4222 quoque
673 4141 755 4222 apud
778 4146 927 4205 Catullum
948 4147 1099 4224 queritur,
1115 4165 1160 4211 'se
1184 4165 1241 4226 pro
1265 4157 1311 4207 tot
1328 4149 1363 4208 iu

159 4231 273 4291 Thesea
297 4229 403 4290 officiis
426 4251 461 4288 ac
489 4229 640 4288 beneficiis
665 4231 888 4292 dilacerandam
909 4231 982 4290 ferie
1012 4231 1155 4290 relictum
1174 4235 1231 4307 iri,
1263 4253 1364 4312 neque
1411 4273 1416 4276 -

160 4317 268 4388 iniectu
286 4327 366 4375 terra
387 4315 566 4374 tumulatum
587 4315 635 4376 iri.
658 4315 700 4374 sic
724 4315 792 4388 illa,
813 4320 906 4389 [cxiv.
923 4315 1056 4396 152sq.]
1080 4313 1138 4377 Pro
1159 4339 1217 4398 quo
1241 4315 1365 4378 sillace-

161 4399 259 4462 ronrlo
275 4400 357 4486 firs's
379 4395 474 4462 dabar
492 4395 668 4481 alitibusque
686 4397 821 4482 Erectio,
844 4423 898 4460 nec
919 4399 1028 4461 iniectu
1050 4397 1230 4462 tumulabor·
1245 4419 1366 4464 mortun
1434 4421 1435 4442 ¹

150 4499 250 4546 -terrn,
272 4495 303 4546 et
317 4485 399 4565 apud
417 4485 522 4565 Virgil.
546 4480 637 4565 [Aen.
656 4505 699 4564 vr,
714 4483 799 4566 erl]
823 4487 983 4548 Palinurus
1002 4487 1133 4548 Aeneam
1149 4496 1230 4564 orat,
1251 4497 1287 4548 ut
1311 4499 1365 4546 aut
