2874 5050
1012 121 1024 154 s

172 263 237 328 400
543 257 752 326 flottam
780 257 1002 326 CARMINA.

173 453 226 499 sus
249 433 293 492 sic
313 431 416 494 Latine
439 431 558 494 reddidi
576 377 784 510 ludibundus,
807 427 904 512 Eleu,
928 431 1153 496 cannamelles
1172 431 1264 496 culto
1287 433 1393 496 malas
1423 423 1424 434 ¹

174 521 254 580 struit
277 517 362 580 horso
383 517 449 580 Aut
471 521 566 580 vtmm
584 521 685 600 opium
701 517 870 606 soliumque
889 519 1008 579 virentis
1031 518 1147 594 oaetlss‘,
1172 517 1213 580 V
1206 543 1259 578 ere
1280 523 1391 580 vessiri-
1423 533 1424 536 ’

172 601 365 666 arentellam
378 619 404 663 et
418 619 578 664 noscuntur
589 607 619 663 is
635 627 759 680 annum,
781 603 846 664 Nos
860 617 956 662 ostem
968 605 1072 684 magni
1086 619 1113 664 et
1131 605 1291 684 sopientes
1304 619 1392 686 atque

170 701 309 770 potentes,
335 689 374 748 tls
387 685 475 750 semel
493 685 664 765 occidimus,
680 687 733 761 ρνό
749 701 827 746 terro
845 686 954 748 lumine
967 690 1045 748 cossi
1058 687 1235 750 Dominus
1247 686 1391 770 longum,

172 776 342 834 immensum
357 788 560 856 aeternumque
572 791 714 854 soporem.
758 773 922 847 Homerus,
943 773 1075 832 omnium
1090 773 1346 852 antiquissimus,
1362 785 1392 834 ut

172 859 309 932 facilius,
336 858 390 937 qui
409 858 504 928 volet,
537 858 745 933 disputareac
770 858 929 918 defendere
956 867 1060 936 queat,
1090 857 1165 918 nibil
1189 857 1295 918 laodic
1322 860 1393 933 dici,
1423 863 1424 912 l

128 943 139 954 '
172 945 245 1024 quin
264 944 348 1023 prius
370 943 409 1002 sit
423 941 554 1018 dictum,
577 963 701 1024 essequa
720 944 752 1002 in
768 945 898 1004 omnium
914 940 1047 1003 nostrum
1066 943 1172 1002 animis
1191 945 1326 1004 innatas
1341 955 1395 1004 at-

173 1049 234 1108 qua
262 1029 366 1088 insitas
391 1029 574 1088 communeis
605 1028 749 1108 quasdam
773 1039 804 1089 et
831 1027 994 1109 gensrplsia
1023 1029 1205 1104 sententias,
1237 1026 1343 1092 ἰλοᾶὅ.
1364 1026 1394 1092 s'.

149 1113 217 1194 ·[v.
234 1119 296 1179 406
311 1112 390 1194 sqq.]
410 1113 466 1182 sub
486 1113 611 1182 Achillia
631 1135 758 1194 persona
775 1115 831 1188 ait,
853 1111 1000 1196 pecudes,
1022 1113 1132 1190 boves,
1155 1134 1269 1194 equos,
1296 1115 1395 1196 tn'po·
1423 1117 1424 1122 ’

174 1197 227 1266 das
249 1197 369 1279 quaeri,
393 1201 561 1278 comparari
582 1207 612 1259 et
631 1199 737 1259 redimi
756 1219 859 1280 possa,
881 1199 1011 1259 animum
1034 1209 1133 1258 autem
1149 1198 1307 1276 hominis,
1333 1221 1395 1281 po-

173 1295 326 1363 steaquam
342 1284 433 1342 semel
454 1303 469 1344 a
492 1304 621 1366 corpore
638 1285 780 1360 avolarit,
802 1305 964 1364 numquam
985 1284 1124 1344 emissum
1140 1283 1283 1360 retrahi,
1310 1307 1395 1346 nun-

174 1389 264 1450 quam
281 1369 471 1448 recuperari,
492 1387 656 1450 numquam
670 1367 850 1450 reprehendi
865 1389 972 1450 posse,
992 1369 1025 1428 id
1039 1379 1097 1440 eat,
1110 1389 1296 1450 ¹ussissquam
1311 1393 1396 1444 enm,
1423 1413 1424 1418 κ

175 1455 228 1534 qui
248 1463 384 1513 mortuus
405 1456 461 1532 ait,
484 1456 521 1514 ab
541 1455 644 1514 inseris
665 1475 753 1536 possa
774 1454 908 1516 excitari.
964 1455 1072 1516 Versus
1098 1455 1223 1514 Homeri
1246 1467 1332 1516 aunt
1351 1457 1395 1534 bi,
1423 1473 1424 1482 ¹

174 1537 305 1619 Aqraaol
320 1535 375 1618 μὲν
387 1533 446 1620 γάρ
459 1563 490 1602 τε
506 1535 576 1620 βόες
592 1541 642 1602 sal
658 1541 728 1618 losa
741 1539 951 1620 psilmllsasol
965 1537 997 1602 δὲ
1011 1541 1149 1621 τρίποδές
1164 1564 1195 1604 ss
1206 1541 1266 1604 καὶ
1282 1543 1395 1604 ἵππων
1423 1547 1424 1552 ’

168 1619 277 1700 ’ξανθοὶ
307 1617 440 1704 κάρηνα·
483 1619 604 1706 ustaig
634 1621 666 1687 ll
699 1621 783 1704 ψυχή
814 1619 907 1688 πάλιν
938 1625 1041 1688 ἐλθεῖν
1068 1623 1136 1690 allas
1164 1623 1272 1708 λεϊστὴ
1302 1621 1393 1690 Οὗθ’

177 1703 341 1789 {levidensi
357 1705 396 1790 alp
409 1731 461 1772 κεν
477 1705 635 1790 α’ριείψετοι
650 1708 735 1794 ἕρκος
749 1704 892 1772 ὀδόντων.
919 1711 987 1770 Non
1002 1710 1138 1772 dissimili
1152 1711 1331 1772 admodum
1346 1735 1392 1773 ra-

176 1797 258 1856 tione
276 1795 413 1873 queritur
429 1795 565 1856 Tibullus
583 1795 635 1854 lib.
652 1803 679 1860 1.
697 1795 857 1876 pueritiam
871 1803 901 1856 et
915 1797 1020 1856 llorem
1036 1797 1137 1856 aetatis
1155 1799 1275 1858 reversi
1294 1819 1392 1858 num-

178 1901 282 1961 quam,
303 1880 356 1938 ubi
376 1881 467 1940 semel
489 1881 671 1955 defloruerit,
697 1881 740 1960 [4,
757 1884 797 1948 35
812 1881 869 1960 sq.]
895 1877 1031 1942 Crudeles
1052 1877 1127 1956 alivi,
1149 1905 1271 1964 serpens
1294 1907 1389 1945 nos-ss

176 1967 261 2026 eruit
279 1986 388 2042 assos,
411 1963 536 2026 Formae
551 1988 610 2025 non
625 1963 805 2050 ullomfato
818 1963 1066 2035 dederemoram..
1099 1965 1180 2028 Solia
1201 1983 1333 2028 werno
1348 1983 1387 2028 est

175 2047 293 2112 Phoebo
307 2045 486 2132 Bacclsoque
500 2053 624 2112 invente.
666 2049 746 2110 Nom
765 2048 845 2112 slecet
858 2053 991 2111 intonsus
1005 2051 1094 2110 crissie
1105 2065 1263 2136 atramque
1273 2053 1384 2114 “Deum

176 2134 283 2198 Lasos
300 2146 397 2196 sutem
414 2133 529 2198 calmis
543 2135 634 2212 dixis,
657 2137 727 2214 quia
748 2137 923 2196 brevissimo
938 2146 1072 2216 tempora
1084 2137 1191 2198 'orbem
1207 2155 1303 2198 suum
1323 2159 1385 2198 sna-

176 2223 303 2284 tiuntus.
326 2241 418 2302 supra
434 2223 620 2284 Od.·xxvnr.
637 2221 688 2284 lib.
707 2231 736 2290 8.
763 2219 807 2302 [v.
824 2221 887 2301 12]
911 2236 938 2281 et
962 2221 1067 2282 celeris
1083 2220 1201 2304 spiculo
1227 2220 1382 2303 Cynthiae.

263 2314 312 2376 15.
336 2309 526 2380 Quorsus
552 2309 721 2390 Aansssss,
752 2327 826 2376 Quo
846 2307 1092 2386 u.Tu1..etc.]
1126 2309 1157 2366 in
1177 2329 1247 2367 eum
1267 2311 1381 2382 locum,

176 2415 238 2478 quo
259 2405 315 2454 stc.
331 2395 370 2452 sd
388 2394 499 2454 inferos
515 2394 615 2452 voluit
638 2393 756 2467 dicere,
778 2393 831 2452 sed
847 2393 896 2452 val
911 2393 1118 2454 extenuandas
1137 2393 1181 2452 rei
1199 2405 1264 2455 tans
1276 2396 1382 2454 formi-

178 2482 318 2556 dolosae,
346 2481 395 2540 vel
414 2479 614 2540 consolantiae
635 2475 820 2539 conditionis
838 2477 985 2538 humanae
1003 2477 1096 2556 gratie
1118 2477 1160 2538 ita
1179 2481 1307 2540 locutus
1329 2491 1380 2544 esl.

130 2601 151 2640 a
176 2559 277 2642 Νοιν,Ι
293 2565 344 2646 qui
360 2567 434 2626 slirit
450 2567 580 2626 eundum
598 2580 676 2641 asse,
697 2583 758 2644 quo
770 2565 898 2636 Aeneas,
922 2583 981 2642 quo
994 2565 1156 2638 Romulus,
1180 2585 1242 2644 quo
1260 2567 1381 2627 Themi-

178 2653 305 2726 stocles,
333 2671 393 2729 quo
417 2655 572 2724 Socrates,
603 2671 664 2728 quo
690 2649 788 2726 Plato,
817 2649 953 2708 molliore
978 2651 1112 2708 oratione
1136 2651 1249 2726 utitur,
1287 2671 1381 2732 quam

178 2738 205 2797 ai
224 2737 336 2798 diserte
352 2737 482 2811 diceret,
504 2737 786 2812 manendumne,
808 2734 955 2812 simulque
972 2754 1110 2812 magnum
1126 2733 1213 2796 attari
1231 2737 1288 2796 tali
1312 2757 1381 2796 ora·

171 2821 261 2884 nona
274 2821 413 2881 solatium
428 2821 454 2882 ei
463 2867 472 2896 ,
494 2821 616 2903 quicum
633 2822 782 2899 loquitur,
807 2839 874 2879 cum
891 2819 942 2880 ills
956 2821 1060 2881 codem
1074 2828 1212 2900 tempore
1227 2842 1298 2882 cum
1316 2825 1380 2882 ani-

177 2925 229 2966 mo
245 2925 300 2966 suo
316 2907 494 2980 considerat,
516 2907 644 2966 sibinen
661 2927 724 2965 esse
737 2905 946 2978 recusandum,
968 2927 1028 2984 quo
1043 2906 1141 2964 minus
1153 2906 1272 2980 eadem,
1288 2917 1380 2987 atque

177 2992 226 3052 illi
248 2991 401 3052 clarissimi
426 2999 455 3049 et
477 2991 723 3070 praestantissimi
746 2993 820 3067 viri,
843 2991 1014 3050 conditione
1034 3001 1144 3052 utatur.
1174 2991 1218 3050 sic
1241 2993 1380 3072 loquitur

179 3079 264 3160 epist.
281 3077 319 3136 ad
335 3075 507 3135 Numicium
520 3076 572 3137 lib.
589 3083 615 3142 l.
633 3076 676 3156 [6'‚
691 3072 753 3156 22]
777 3075 825 3136 Ire
838 3091 935 3136 sames
950 3091 1055 3154 restat,
1077 3075 1176 3138 Νίκην
1190 3099 1250 3159 quo
1266 3075 1380 3138 slecenit

178 3179 206 3224 et
224 3168 334 3225 Anas.
353 3161 428 3240 ¹legs
446 3171 546 3224 annot.
569 3163 607 3220 ssl
628 3161 685 3222 od.
704 3181 818 3224 τινοιν.
837 3161 888 3225 lib.
906 3168 931 3226 l.
953 3161 1109 3222 Lectorem
1123 3181 1186 3221 nou
1207 3162 1325 3239 celabo,
1349 3167 1380 3222 in

50 3291 53 3304 .
179 3248 248 3310 cod.
264 3247 345 3307 l'aiir.
364 3256 393 3306 et
407 3246 521 3324 aliquot
538 3248 602 3320 aliis
611 3289 621 3322 ‚
644 3266 721 3326 quos
742 3249 774 3306 in
791 3247 887 3307 Gallis
901 3257 1007 3308 unctus
1022 3267 1099 3324 aum,
1120 3245 1188 3324 legi,
1213 3245 1282 3324 Quo
1294 3265 1380 3330 poter

177 3333 309 3396 Aeneas·
323 3351 377 3410 ego
392 3341 489 3396 tamen
510 3333 689 3412 scripturam
709 3343 861 3412 receptam
878 3353 996 3411 sequor.
1038 3334 1089 3392 Sic
1104 3332 1184 3409 Virg.
1200 3331 1252 3391 lib.
1272 3340 1301 3398 t.
1323 3335 1379 3393 Ae·

177 3419 259 3480 neid.
275 3419 316 3499 [v.
332 3411 418 3496 382]
441 3413 514 3476 Sum
528 3418 596 3496 pius
609 3415 737 3492 Aeaeus,
760 3433 862 3498 raptos
877 3423 930 3500 psai
943 3440 984 3479 ex
994 3415 1076 3478 lsoste
1087 3417 1219 3497 pesuteis
1235 3427 1295 3482 ele.
1323 3420 1380 3478 Ne·

178 3523 243 3582 que¹
255 3513 355 3562 tamen
375 3504 499 3564 alteram
514 3503 632 3564 damno.
669 3503 748 3562 ‘Nam
765 3503 853 3562 etiam
872 3501 932 3563 hoc
953 3500 1117 3581 epithetum
1137 3502 1256 3560 Aeneae
1272 3503 1378 3564 tribuit

176 3589 257 3648 idem
276 3589 379 3666 Virgil.
396 3587 498 3648 eodem
514 3585 565 3649 lib.
579 3587 621 3666 [v.
635 3587 721 3668 467.]
745 3588 811 3646 Iam
824 3603 910 3668 pater
923 3579 1042 3648 ‘alcaeus
1054 3601 1081 3646 et
1095 3589 1157 3648 ium
1176 3587 1312 3648 Troiano
1325 3591 1376 3648 ia-

175 3687 287 3735 usntas.
331 3669 449 3732 Cmtam
466 3673 600 3752 appellat
613 3672 753 3732 Horatius
767 3672 898 3733 carmina
912 3671 1061 3734 saeculari
1074 3681 1145 3752 post
1158 3671 1246 3752 epod.
1263 3673 1377 3754 [salz]

127 3787 129 3794 ⁴
179 3754 286 3820 Gustus
299 3749 416 3816 Aeneas
428 3759 546 3837 patriae
561 3773 710 3838 superstes.
1288 3767 1298 3784 ⁶

263 3847 312 3907 16.
336 3843 483 3901 Punvrs
504 3863 548 3901 sc
569 3861 703 3904 usim
725 3840 837 3926 suss.]
859 3843 1025 3922 pleniaant
1042 3847 1179 3902 velerum
1192 3842 1377 3922 scriptorum

176 3927 249 3988 libri
267 3925 357 3985 huius
373 3927 546 3988 sententiae.
568 3931 606 3987 So
626 3926 658 4007 l¹·
673 3928 705 3988 in
724 3928 823 4006 Aiace,
839 3927 880 4008 [v.
897 3931 957 3995 125
971 3927 1029 4007 sq.]
1050 3925 1130 4010 ‘Opti'
1145 3922 1200 4008 γοῖρ
1219 3925 1303 4007 ἡμᾶς
1316 3925 1377 3992 ὀὐ-

178 4011 230 4076 tta
243 4007 330 4084 ’ὄντος
346 4007 433 4086 ἄλλο,
455 4009 535 4093 πλὴν
556 3947 681 4091 Etlst',
703 4007 826 4092 ὅσοιπερ
842 4017 946 4092 (siper,
959 4008 990 4092 ἢ
1008 4007 1133 4090 κούφην
1148 4007 1245 4074 σκιάν.
1265 4013 1299 4074 id
1322 4023 1376 4090 est,

178 4097 275 4159 Video
298 4101 390 4169 enim,
413 4107 484 4168 noa,
507 4097 560 4176 qui
576 4098 723 4173 vivimus,
739 4097 823 4181 xnibil
839 4099 921 4158 aliud
940 4118 1021 4172 esse,
1044 4106 1255 4177 praeterquam
1274 4100 1377 4179 imagi-

178 4201 232 4242 nes
254 4189 305 4239 aut
326 4181 459 4240 umbram
474 4181 581 4242 lesem.
626 4183 774 4242 Pindarus
789 4185 856 4243 ,ὀνο
872 4184 1043 4244 inanissima
1069 4183 1227 4242 coniunxit
1237 4183 1315 4245 inter
1333 4207 1375 4261 se,

132 4283 139 4292 ‘
179 4267 314 4326 umbram
330 4274 359 4325 at
373 4265 531 4326 somnium.
555 4267 607 4328 tit
621 4269 709 4342 enim,
732 4265 867 4329 bominsa
883 4291 947 4330 ease
961 4267 1085 4328 umbras
1098 4269 1259 4346 somnium,
1274 4271 1326 4332 alal.
1337 4268 1375 4349 η’.

181 4355 267 4416 ttae.
284 4349 326 4432 [ν.
336 4349 423 4432 135.]
435 4347 592 4436 ἐπάμεροι.
609 4355 639 4417 sl
651 4351 685 4418 tt
698 4377 760 4432 τοςς
779 4357 810 4417 sl
829 4349 861 4420 δ’
882 4352 921 4420 οὖ
933 4373 994 4431 rm
1014 4357 1101 4430 σκιᾶς
1112 4351 1189 4437 ὄναρ
1206 4351 1373 4440 ἄνθρωπον.

249 4537 283 4596 V.
302 4538 344 4596 ts.
360 4557 412 4611 qso
432 4537 526 4616 lullus
541 4539 627 4598 tinas.
