2900 5050
176 275 238 342 126
506 285 508 292 ⁴
553 265 758 330 HORATll
788 265 1031 364 cernunt·

176 451 273 504 antem
282 441 423 522 intellige,
444 441 494 506 vel
508 441 560 521 qni
569 443 609 504 ed
622 461 763 503 occanum
777 415 883 522 ¹vergit,
904 443 953 504 vel
968 443 1064 524 quiin
1079 443 1191 506 declivi
1202 439 1279 508 caeli
1290 455 1381 526 parte

56 563 62 571 ·
108 581 113 592 ,
175 529 250 588 situs
266 537 319 602 est,
341 529 404 588 sive
421 538 519 587 eutem
536 529 660 610 orietur,
681 530 745 589 eive
760 531 889 605 occidet,
910 539 1101 610 tempestetes
1112 533 1233 594 excitet.
1260 533 1380 594 Iocirco

174 613 314 694 Virgilius
329 612 499 674 nimbosum
517 623 631 674 vocet·
678 684 681 690 Ι

259 703 311 764 28.
336 701 392 758 Ar
413 713 463 758 nn
483 719 608 762 uanus
629 698 779 778 ruere]
805 700 908 776 Atto,
929 709 1031 776 nsnta,
1054 721 1197 782 neperce
1217 703 1378 782 malignus,

173 784 350 868 perticulam
364 803 472 844 urenae
487 785 559 846 dere
579 785 696 845 ossibus
718 795 748 845 et
767 785 857 866 ospiti
875 785 1048 865 inlrumsto,
1073 785 1188 849 terrene
1204 789 1323 851 ossibus
1346 797 1381 850 et

172 869 264 952 cupiti
281 867 437 930 inhumato
454 871 689 950 benignuiniiue.

256 959 308 1022 23.
331 963 551 1032 nnnrcnns]
581 957 728 1034 malignus
752 975 850 1032 esses,
874 957 900 1016 si
924 964 1083 1038 peremere
1104 959 1155 1018 vel
1178 979 1215 1019 ne
1229 967 1261 1020 te
1284 958 1316 1018 in
1338 977 1378 1019 eo

171 1041 334 1120 malignum
360 1043 487 1122 praebe,
513 1053 549 1102 ut
571 1063 690 1124 percae.
721 1041 766 1102 sio
786 1043 923 1122 loquitur
943 1045 1041 1124 satyr.
1065 1047 1093 1109 6.
1117 1043 1170 1106 lib.
1190 1048 1227 1111 2:
1245 1044 1309 1126 [8.]
1341 1046 1380 1103 Si

171 1147 296 1186 veneror
311 1127 429 1188 stultae
451 1127 535 1186 nihil
548 1129 674 1205 lrcrum,
695 1127 809 1204 idest,
835 1128 860 1199 si
882 1149 943 1192 nou
967 1149 1033 1188 surn
1052 1132 1092 1190 ite
1113 1131 1242 1206 stultus,
1265 1139 1300 1190 ut
1321 1131 1380 1190 ali-

172 1212 247 1292 quid
267 1211 380 1312 horunp
399 1233 542 1290 venerer,
570 1235 625 1274 seu
649 1231 756 1294 precer
774 1223 804 1273 et
822 1223 932 1294 optem.
955 1215 1025 1276 vide
1047 1226 1145 1278 annot.
1172 1217 1211 1276 sd
1228 1215 1285 1280 Od.
1302 1235 1376 1276 1111.

171 1297 224 1370 lin.
237 1304 268 1366 8.
291 1299 351 1358 ism
367 1299 448 1377 ¹illud
459 1318 556 1380 parce
570 1299 646 1360 dare
658 1299 732 1360 hnic
750 1305 858 1380 poene
879 1299 1025 1362 usitatum
1050 1311 1112 1377 est,
1134 1301 1264 1384 exempli
1285 1321 1379 1364 canen

172 1383 234 1443 Od.
252 1403 364 1446 xxvru.
391 1385 444 1444 lib.
466 1393 495 1452 3.
519 1386 560 1465 [v.
576 1389 619 1466 7.]
648 1388 761 1444 Parcis
781 1385 914 1465 ‹lerrpere
938 1386 1046 1446 horreo
1070 1387 1244 1448 Crescentem
1265 1397 1322 1450 eto.
1346 1395 1379 1446 et

172 1470 234 1528 Set.
249 1477 279 1536 2.
293 1470 346 1534 lib.
361 1475 391 1535 2.
408 1467 450 1551 [r.
467 1471 532 1552 58]
557 1475 601 1531 Et
623 1474 688 1530 niei
702 1483 857 1530 mutatum
874 1475 982 1552 parcit
1004 1471 1174 1554 diffundere
1195 1477 1321 1550 ninum,
1343 1471 1379 1531 id

173 1564 236 1632 set,
259 1575 320 1616 non
337 1555 411 1616 volt.
434 1557 478 1618 sic
491 1557 628 1618 Catullus
641 1557 679 1618 ‹le
692 1557 806 1638 nuptiis
823 1557 919 1648 Pelei,
938 1557 1034 1638 [rnrrn
1053 1559 1138 1640 148]
1162 1559 1222 1618 Nil
1236 1569 1378 1617 metuunt

173 1643 289 1716 iurare,
302 1641 384 1701 nihil
389 1645 567 1722 promittere
575 1655 721 1724 pareunt.
742 1642 774 1702 id
788 1653 841 1718 est,
864 1641 940 1702 nihil
954 1654 1009 1720 est,
1026 1644 1109 1724 quod
1120 1645 1298 1726 promittere
1316 1663 1378 1703 non

174 1726 316 1788 sudsent.
340 1735 368 1786 et
382 1729 468 1788 Titus
482 1729 585 1790 Livius
604 1729 729 1794 libent.
754 1729 791 1809 [c.
807 1728 870 1808 tu]
891 1729 1028 1788 Proinde
1041 1751 1136 1810 parce
1156 1735 1203 1790 eie
1214 1729 1314 1810 fidem
1338 1747 1379 1787 oc

174 1816 418 1874 iuramentum
438 1818 564 1876 iactare.
584 1815 694 1876 iteruin
715 1815 821 1875 Horret.
847 1813 907 1873 Od.
928 1835 998 1876 vrrr.
1023 1815 1055 1896 [l.
1068 1835 1117 1880 ur.
1139 1835 1170 1879 v.
1184 1815 1251 1898 28]
1279 1819 1380 1876 Parce

166 1901 314 1980 privatus
332 1901 465 1960 rsims'rsm
479 1923 592 1966 cavere.
634 1902 797 1982 Malignue
814 1900 894 1960 idem
913 1901 975 1962 fere
993 1903 1094 1978 velet,
1116 1903 1202 1982 qnod
1223 1895 1377 1980 angu'stue,

172 1985 399 2138 Epponptrprpup
425 1989 570 2140 bsnipppp,
590 1997 833 2134 mmmm
852 1997 898 2046 est
915 1987 955 2049 erl
976 1986 1063 2056 illum
1087 1989 1188 2048 locurn
1223 1989 1310 2070 epist.
1337 1985 1378 2046 ad

240 2091 366 2132 us.r.
401 2082 553 2140 .t1.
669 2095 722 2132 ars
805 2077 875 2134 'ne

175 2195 178 2204 ·
220 2089 239 2149 g
256 2163 312 2224 26.
331 2073 510 2240 Suo][ldge‚
523 2073 600 2241 qeise
610 2181 702 2240 cupro
714 2095 844 2220 diximlds
856 2157 893 2218 de
906 2155 964 2218 hnc
974 2157 1124 2239 particule
1138 2156 1310 2238 od.111.[v.
1334 2153 1376 2236 1.]

258 2246 315 2310 26.=
332 2265 593 2317 concoenare
615 2243 772 2328 neruum]
795 2245 921 2306 verbnm
938 2243 1080 2304 minandi
1099 2245 1198 2304 iunxit
1219 2243 1303 2303 cerui
1321 2263 1377 2302 ec-

173 2329 310 2405 cusandi,
332 2340 367 2388 ut
380 2323 466 2411 e'pist.
481 2333 520 2392 sd
536 2333 665 2408 Celsum,
680 2337 711 2408 [r,
728 2337 758 2406 8,
771 2330 815 2411 8.]
837 2329 889 2390 dic
895 2331 1035 2411 pulchra
1047 2342 1076 2390 et
1089 2333 1188 2389 medlo
1200 2333 1377 2404 nunontem,

177 2417 285 2478 Vivere
298 2435 351 2474 nec
365 2429 456 2494 rente,
478 2439 532 2476 nec
553 2415 699 2479 eunviter.
722 2427 752 2477 et
774 2417 832 2475 Od.
849 2437 892 2477 rx.
914 2415 1002 2495 epod.
1022 2421 1061 2491 [v.
1076 2419 1117 2492 9.]
1141 2419 1285 2476 Minatur
1305 2416 1378 2474 urbi

171 2502 309 2564 vincula.
337 2503 382 2564 sic
404 2523 491 2586 esepe
512 2501 551 2570 Μ.
573 2503 650 2566 Tull
664 2512 708 2562 »ut
729 2501 850 2561 Tuscul.
872 2510 899 2566 t.
921 2501 1096 2583 [48,102.]
1126 2499 1283 2572 Theodoro
1306 2523 1379 2560 cnm

78 2631 82 2646 .
172 2588 380 2668 Lysimachen
394 2591 593 2650 directricem
608 2591 794 2665 minoretur,
816 2590 886 2646 seru
909 2609 1022 2669 quaese
1043 2585 1168 2672 (inquit)
1189 2591 1252 2648 ieta
1272 2587 1378 2647 lorri-

172 2675 252 2735 bilta
266 2677 411 2736 minitare
424 2679 608 2756 purpuratis
618 2677 692 2734 tuis.
1105 2699 1110 2719 ι

257 2765 311 2826 26.
332 2763 464 2822 Venus.
486 2759 594 2822 Puer.
613 2757 767 2839 sinuas]
789 2759 823 2819 in
843 2759 1010 2820 Venusinae
1024 2759 1114 2822 siliies
1128 2760 1259 2820 recidat:
1284 2759 1379 2820 eildae

73 2874 77 2886 ι
173 2843 345 2908 Venusinae
363 2845 451 2914 luent
469 2857 526 2910 ete.
549 2847 593 2906 sic
617 2845 754 2926 loquitor
775 2846 863 2927 epist.
882 2853 913 2914 2.
939 2847 1042 2912 lib.'1.'
1062 2846 1104 2928 [v.
1128 2845 1189 2927 14.]
1220 2843 1380 2926 Quicquid

173 2929 308 2992 &lirant
321 2950 420 3014 regor,
437 2933 617 3011 plectuntur
629 2932 755 2991 Achivi.

259 3019 312 3082 27.
333 3017 384 3078 Te
405 3017 591 3097 secerne]
613 3027 642 3078 te
660 3017 760 3093 salvo,
780 3017 984 3079 teincolnmi.
1226 3050 1229 3059 ·

259 3109 311 3172 28.
332 3103 540 3174 Aronc'An
564 3103 684 3184 lore]
714 3123 826 3182 aeque,
855 3105 888 3163 id
914 3115 978 3181 ert,
1009 3101 1065 3163 tibi
1085 3103 1220 3184 placeto,
1251 3121 1305 3164 eeu
1328 3103 1378 3161 ia-

173 3197 278 3266 muts,
301 3209 355 3250 ssu
369 3211 430 3250 non
453 3190 541 3249 irato.
566 3189 611 3250 eie
629 3190 718 3271 epist.
741 3189 782 3250 ed
802 3190 930 3269 August.
950 3189 1004 3253 lib.
1018 3196 1049 3256 2.
1071 3195 1112 3265 [1,
1126 3194 1194 3264 68]
1212 3201 1241 3248 et
1261 3209 1379 3247 mecum

164 3277 256 3353 seruit
269 3285 297 3332 et
310 3276 379 3336 Iove
393 3274 516 3336 iudicat
534 3297 640 3357 aequo.

193 3355 195 3362 ¹
258 3371 310 3432 30·
332 3367 359 3426 N
367 3386 450 3431 een.
472 3383 610 3426 runnu.
632 3385 712 3428 roo.
736 3364 879 3426 Poeans.
903 3367 973 3438 etc]
1004 3362 1088 3422 lrutrc
1110 3361 1262 3423 locuni-iu
1281 3359 1378 3419 omni·

172 3455 230 3516 lrus
245 3454 332 3516 libris
350 3463 525 3534 corruptum
537 3475 599 3512 non
615 3453 676 3513 levi
695 3452 867 3512 coniectura
882 3452 992 3511 ductus
1010 3447 1176 3510 emendavi
1219 3447 1295 3530 llam
1309 3465 1380 3504 cnm

173 3543 206 3602 in
231 3561 292 3601 uno
319 3539 425 3600 codice
448 3539 591 3600 Vaticano
615 3549 648 3598 et
669 3541 700 3596 in
719 3538 852 3599 lennoct,
875 3538 906 3598 e't
927 3539 960 3596 in
982 3537 1090 3598 Cleric.
1115 3532 1258 3593 Ruseurd.
1279 3531 1378 3594 Nicot.

166 3631 284 3706 forenn
303 3647 359 3707 pro
374 3629 451 3706 sore
469 3635 511 3702 et,
542 3625 574 3684 in
595 3624 747 3682 nonnullis
773 3625 839 3685 aliie
855 3627 959 3702 soreet
977 3623 1172 3704 reperissem,
1195 3616 1284 3678 incile
1305 3616 1379 3676 milri

174 3713 324 3793 persuasi,
346 3712 424 3772 illud
432 3714 550 3788 foreon
563 3711 713 3790 principio
735 3711 826 3771 luisse
842 3709 1005 3789 ascriptum
1021 3709 1061 3768 nd
1085 3703 1291 3786 explicandam
1315 3723 1379 3762 vu-

176 3807 240 3860 ecrn
264 3798 468 3858 obscuriorem
482 3799 584 3874 serait
608 3815 660 3856 seu
669 3799 787 3874 soraee,
817 3797 899 3876 quod
920 3795 997 3856 idem
1016 3793 1113 3867 velet,
1144 3790 1253 3850 deinde
1276 3789 1379 3848 deleto

164 3886 282 3963 soreii,
312 3903 372 3963 quo
395 3893 425 3942 et
442 3883 514 3942 alibi
540 3881 638 3942 utitur
659 3881 780 3960 lieren,
809 3884 840 3942 in
862 3883 926 3942 eins
945 3879 1047 3940 locum
1068 3877 1160 3936 luisse
1183 3875 1380 3936 substitutum

167 3972 242 4050 fore
256 3981 291 4031 et.
337 3969 547 4028 Verumtamen
567 3989 605 4027 no
628 3967 694 4046 quis
717 3968 885 4046 religiosior
906 3989 953 4026 me
976 3965 1079 4047 paullo
1101 3962 1292 4021 audaciorem
1315 3979 1379 4020 esse

175 4056 305 4129 diceret,
321 4055 453 4132 sareon,
478 4054 557 4132 quod
573 4053 724 4134 reperitur
743 4055 774 4112 in
792 4054 925 4134 quinque
944 4052 998 4114 lib.
1016 4051 1124 4128 nntiq.,
1147 4067 1202 4128 pro
1225 4067 1292 4105 meo
1312 4046 1380 4104 iure

105 4133 109 4138 ’
176 4141 307 4221 arripui,
338 4140 380 4198 ito
401 4150 517 4216 temen,
544 4149 579 4198 ut
596 4141 699 4214 soreii
719 4141 813 4198 molto
837 4139 948 4199 malim.
992 4135 1145 4196 Sententia
1168 4141 1266 4192 autem
1288 4129 1380 4190 huius

175 4227 237 4286 loci
253 4229 297 4286 sic
311 4226 441 4287 restituti
455 4241 515 4284 non
533 4225 727 4284 estobecuru.
746 4227 857 4302 foruit,
880 4243 933 4284 eeu
947 4225 1066 4302 sareon
1087 4243 1148 4281 non
1170 4218 1304 4290 dubitae,
1328 4227 1380 4276 eut

176 4333 236 4374 non
253 4313 345 4374 vertis
361 4313 498 4388 religioni
515 4311 635 4390 culpem
647 4311 812 4384 admittere,
831 4331 907 4390 qune
924 4310 963 4369 sit
978 4309 1065 4370 etium
1080 4312 1139 4366 tuis
1156 4305 1260 4365 liberis
1274 4303 1381 4362 imme-
1433 4323 1434 4328 ¹

177 4398 313 4458 rentibus
329 4399 475 4456 nocitura.
498 4397 522 4456 si
537 4397 578 4456 ita
594 4405 655 4470 est,
678 4397 775 4454 debite
792 4397 875 4472 iuro,
898 4395 929 4454 id
950 4403 1010 4474 est,
1032 4391 1164 4468 iustitiis,
1186 4409 1265 4469 queo
1279 4389 1380 4467 aliqua

179 4483 363 4562 expertein
381 4484 536 4564 reciproca
549 4481 742 4564 perpessione
760 4483 904 4560 consistit,
922 4491 953 4541 et
971 4477 1149 4540 vicissitudo
1171 4475 1241 4535 meli
1260 4483 1290 4534 te
1313 4495 1381 4534 me-

181 4575 286 4646 neont,
306 4567 415 4645 idest,
435 4569 491 4630 tibi
506 4569 698 4653 impendeant
721 4579 751 4630 et
765 4569 892 4648 instent,
915 4577 946 4629 te
967 4567 1135 4648 excipiant,
1156 4581 1271 4645 poenes
1291 4559 1380 4621 deni-
