2882 5048
183 235 249 302 476
460 225 668 294 conten
695 223 895 296 EPODON
923 221 1077 294 uultu.

183 431 238 510 IN
267 429 474 508 BELLUM
508 427 674 508 CIVILE
708 427 917 510 GESTUM
948 429 1073 508 HINC
1109 425 1287 508 ΒΗΠἸῸ
1329 429 1395 506 b'l'

234 555 427 648 CASSIO,
460 555 630 632 ILLINC
655 555 975 654 ocTAthno,
1008 555 1061 634 Μ.
1090 553 1345 650 ANTONIO,

393 683 446 758 M„
470 681 653 762 effluo
680 679 910 766 nucleus.
962 682 1066 760 ODE
1092 681 1174 756 Vll.

186 901 195 931 l
268 901 297 962 1.
320 893 527 978 successi]
549 892 727 976 impii,'qui
748 895 861 958 bellum
877 895 967 960 civile
980 893 1181 972 meditemini,
1204 893 1239 954 in
1262 913 1326 974 quo
1345 894 1390 954 ci-

178 999 247 1044 vem
264 1003 283 1042 s
298 984 365 1044 cive
379 981 506 1042 interfici
520 985 640 1044 nece'sse
653 992 710 1044 est.
897 987 900 995 '

189 1136 192 1154 Ι
246 1073 295 1134 Ι1.
317 1087 392 1128 aur
415 1087 487 1128 cus
508 1087 703 1128 nexresrs
725 1065 802 1148 etc]
829 1086 884 1128 cur
902 1085 986 1128 enses
1007 1067 1115 1146 ragina
1132 1066 1210 1126 tecti
1232 1063 1389 1124 nudantur

181 1160 212 1212 et
229 1151 456 1230 destringantur
471 1153 504 1212 in
521 1151 637 1214 civeis?

263 1241 294 1304 5.
316 1239 410 1314 Non,
433 1258 479 1298 or
501 1258 691 1298 suerrus
712 1235 789 1320 eto]
812 1257 874 1298 nou
893 1245 928 1298 ut
944 1237 1098 1297 Romanus
1115 1233 1203 1294 miles
1219 1231 1387 1311 Kartbsgi-

172 1341 265 1400 uem,
288 1343 366 1405 quae
381 1323 418 1384 de
438 1325 565 1404 itoperio
582 1343 648 1384 cnm
655 1324 776 1411 populo
793 1323 876 1385 Rom.
894 1322 976 1384 bello
995 1321 1118 1401 sucipiti
1134 1319 1188 1380 diu
1206 1319 1388 1392 decertarit,
1428 1373 1430 1388 ,

177 1427 232 1468 seu
251 1407 300 1486 (ut
313 1409 356 1468 ait
370 1409 546 1470 Putet-culus
559 1407 660 1488 priore
681 1405 775 1491 libro)
795 1427 874 1488 quse
890 1407 1009 1490 imperii
1025 1409 1079 1468 llo.
1100 1407 1154 1466 diu
1176 1405 1305 1464 aemula
1326 1407 1389 1478 suit,
1428 1403 1430 1440 ¹

178 1502 327 1554 everteret
346 1501 436 1574 atque
454 1493 646 1570 incenderet,
667 1513 764 1574 neque
784 1505 828 1554 ut
840 1493 976 1554 Britanni
998 1493 1132 1552 nondum
1147 1491 1233 1550 bello
1256 1491 1389 1550 lacessiti

101 1585 104 1596 '
177 1587 232 1636 aut
244 1577 380 1640 noudum
397 1578 518 1649 domiti,
541 1580 637 1640 vincti
660 1601 717 1661 per
735 1579 920 1660 triumphum
934 1581 1137 1654 ducerentur,
1157 1577 1215 1636 sed
1234 1587 1275 1638 ut
1293 1578 1388 1636 Rome

178 1681 231 1722 sus
246 1683 336 1724 msnu
349 1663 528 1726 labefactata
540 1666 726 1726 concideret.
1123 1657 1134 1676 ⁹

263 1755 296 1816 7.
313 1750 609 1830 uescenncrsrr]
632 1760 697 1810 eret
718 1749 796 1810 enim
810 1749 859 1810 ria
873 1751 966 1810 Socra
983 1749 1108 1812 declivis
1122 1769 1137 1808 e
1153 1747 1281 1807 Carinis
1293 1747 1334 1806 ad
1348 1749 1388 1806 io

176 1851 261 1911 rum,
283 1835 394 1896 deinde
420 1837 541 1896 acclivis
562 1837 600 1896 ad
624 1836 814 1916 Capitolium.
858 1836 896 1896 lli.
917 1836 995 1896 Tull.
1020 1835 1074 1900 lib.
1093 1839 1123 1900 4.
1145 1835 1237 1914 epist
1266 1833 1309 1893 sd
1330 1835 1386 1895 tn.

175 1915 283 2002 Itaque
294 1943 324 1982 rs.
343 1917 373 1982 d.
389 1924 505 1982 tertium
520 1919 567 1982 ld
580 1920 724 1983 Nouemb.
745 1943 812 1982 cum
826 1943 914 1982 socru
925 1923 975 1982 uic
993 1917 1214 1998 descenderem,
1238 1918 1387 1980 inseram

174 2017 218 2064 est
235 2027 290 2064 sne.

260 2095 289 2158 8.
316 2074 447 2154 Seuer
465 2089 547 2170 m]
571 2113 663 2172 supro
685 2087 744 2152 Od.
762 2107 805 2162 ιν,
823 2095 876 2178 [1,]
897 2109 1016 2152 summ
1037 2090 1169 2150 mamete
1189 2103 1222 2148 se
1239 2089 1340 2151 viem.
1361 2097 1386 2148 et

163 2174 237 2255 ,sat
248 2179 279 2242 9.
298 2177 351 2236 lib.
370 2183 397 2243 1.
416 2178 458 2258 [v.
475 2178 515 2260 1.]
535 2175 618 2240 lbnns
625 2179 714 2265 sorte
727 2181 777 2240 viu
791 2204 897 2257 socru,
915 2179 995 2239 siesse
1011 2200 1090 2240 meus
1104 2190 1147 2236 est
1165 2197 1234 2236 moe
1250 2183 1317 2236 ete.
1429 2223 1430 2228 1

260 2265 290 2326 9.
313 2263 436 2344 vore]
460 2273 579 2344 optata.
604 2275 638 2324 tst
657 2267 719 2327 Sat.
736 2273 766 2332 6.
791 2267 842 2330 lib.
859 2274 888 2332 Ξ.
909 2255 1015 2346 [v.1.]
1059 2259 1132 2322 Hoc
1155 2263 1280 2320 eratin
1304 2261 1384 2320 uotis.

173 2345 262 2426 epist.
278 2345 316 2407 de
330 2347 403 2408 Arte
420 2357 501 2428 poet.
516 2349 593 2430 [76.]
617 2353 679 2410 voti
696 2355 839 2412 sententio
855 2371 985 2436 compos.
1007 2359 1037 2408 et
1058 2349 1089 2408 iu
1114 2367 1259 2426 respons.
1278 2346 1382 2406 Cauid.

173 2429 232 2492 o'd.
245 2451 324 2491 xvrr.
341 2433 430 2506 infre,
445 2437 486 2510 [r.
500 2436 564 2514 δί]
608 2433 645 2495 Si
659 2433 795 2496 tardiora
802 2435 881 2524 folo
895 2453 923 2496 se
937 2431 1168 2496 occissionem?

260 2521 310 2582 12.
334 2516 422 2576 Nrsr
443 2537 480 2576 sn
501 2539 642 2578 orem
664 2525 806 2600 ornus]
829 2521 1004 2588 eichebent
1025 2518 1095 2578 libri
1111 2518 1294 2596 complures
1316 2539 1382 2578 me-

172 2601 337 2681 nuscripti,
359 2600 410 2661 alii
429 2601 524 2684 feris:
547 2604 669 2682 quodsi
686 2606 736 2665 cui
750 2605 880 2686 placebit
897 2607 1006 2684 magis,
1027 2603 1200 2664 cohaerebit
1214 2623 1292 2662 cum
1310 2623 1382 2662 voce

172 2681 314 2747 leonibus.
335 2685 434 2768 reperi
459 2689 537 2748 etin
562 2705 623 2748 uno
646 2691 767 2768 codice,
794 2695 940 2772 inpresso
960 2689 1081 2770 quidem
1099 2689 1171 2764 illo,
1194 2688 1252 2746 sed
1274 2689 1310 2746 in
1325 2707 1382 2768 qno

172 2769 292 2832 inerant
313 2773 444 2852 optimae
459 2785 546 2834 notre
568 2773 737 2856 adscriptae
759 2777 797 2837 rb
809 2777 919 2838 Ioanne
938 2776 1081 2852 timelio,
1103 2775 1170 2834 viro
1186 2774 1289 2834 nobili
1310 2785 1342 2834 et
1355 2777 1382 2832 in

173 2853 279 2934 primia
301 2855 412 2930 docto,
443 2879 520 2937 quas
548 2859 671 2922 dicebst
697 2883 729 2924 se
750 2883 788 2922 ex
807 2863 961 2922 Guilielmi
984 2860 1148 2934 Pelicserii‚
1181 2859 1382 2920 eruditissimi

172 2939 247 3014 riri,
267 2941 361 3022 episc.
392 2944 561 3023 blompess„
578 2946 683 3008 codice
706 2950 911 3030 manuscripto
934 2947 1140 3028 descripsisse:
1161 2945 1192 3004 in
1215 2945 1275 3004 illo
1291 2947 1382 3032 igitur
1427 2997 1428 3000 ,

174 3025 279 3088 codice
294 3027 479 3108 sdemiptunr
494 3031 602 3110 reperi,
618 3035 650 3092 sn'
665 3035 695 3092 irs
708 3032 840 3116 dispares
845 3033 944 3120 seros.
959 3053 1036 3114 quee
1051 3021 1203 3112 scriptore
1219 3031 1248 3090 si
1266 3043 1320 3094 est
1334 3053 1382 3091 en-

88 3130 93 3142 ¹
173 3111 275 3192 tique,
297 3115 395 3188 nullo,
418 3137 483 3174 usco
499 3115 620 3194 quidem
632 3119 746 3178 iudicio
756 3167 765 3196 ‚
788 3119 814 3178 ei
831 3131 877 3180 est
890 3119 1107 3202 anteponendo.

1427 2513 1429 2596 l

169 3198 175 3242 t
261 3201 1252 3285 18.l⁴'ononnrcsecue]insunienerosogitpreeeipiteie,
1277 3225 1320 3262 sn
1339 3205 1381 3262 ris
1426 3201 1427 3212 ¹

38 3331 42 3342 .
173 3275 277 3363 eliqua*
292 3285 395 3362 maior,
413 3305 521 3368 nempe
529 3294 607 3353 θεοῦ
622 3291 675 3372 pio
689 3311 742 3352 seu
754 3289 938 3374 θεοβλάβεια
952 3313 1006 3354 seu
1018 3287 1211 3372 θεόπεμπτος
1221 3285 1380 3370 συμφορά,

173 3391 212 3430 su
233 3372 343 3452 culpsl

259 3463 307 3526 15.
325 3475 370 3518 cr
393 3479 470 3520 ont
489 3481 637 3520 rinnon
658 3481 778 3522 rusus
801 3464 879 3543 etc]
896 3463 1038 3544 Virgilius
1051 3459 1175 3523 Aeneid.
1188 3463 1219 3524 4.
1237 3461 1378 3540 [naeu]

171 3541 260 3604 Htec
274 3543 369 3630 effeto
382 3544 464 3622 silet,
486 3543 588 3628 pollor-
601 3544 692 3607 simul
704 3565 829 3623 occupor
841 3571 903 3610 orn.
939 3572 946 3582 “

259 3635 307 3694 ib.
335 3631 572 3700 blcnrrcouc
597 3651 702 3692 reso.
725 3633 848 3714 erum]
872 3635 1054 3694 conscientie
1069 3631 1194 3694 sceleris
1209 3635 1377 3714 obstupue-

170 3722 251 3773 runt.
265 3713 353 3776 llum.
369 3710 413 3780 it.
429 3712 472 3794 ψ’.
488 3717 533 3796 [ν.
549 3713 637 3800 lob]
685 3717 797 3781 Τέκνον
808 3715 898 3800 ἐμόν,
921 3717 1021 3801 θυμός
1041 3745 1092 3802 pos
1106 3719 1151 3782 tot
1164 3715 1321 3797 στήθεσσι
1336 3719 1376 3780 se'·

170 3804 282 3878 θηπεν.
301 3799 457 3881 percellere
468 3809 567 3862 nutem
584 3813 629 3862 eet
644 3804 684 3862 itu
704 3825 907 3882 commovere,
932 3818 964 3866 ut
986 3827 1114 3887 proruas
1135 3827 1170 3863 ec
1188 3817 1376 3886 prosternas,

169 3894 358 3965 pervertere,
382 3897 525 3946 evertere.
540 3887 618 3948 iusto
633 3889 691 3952 Od.
707 3911 750 3948 xr.
794 3898 902 3954 Amore
912 3889 1078 3974 perculsum
1094 3893 1191 3970 geori.

215 4011 221 4022 ·
257 3973 308 4035 18.
331 3991 552 4042 socrusque
573 3993 798 4034 rnsrennse
820 3977 949 4063 neers]
968 3977 1241 4036 rultbellacivilie
1259 3999 1300 4038 ex
1316 4001 1376 4037 sce-

169 4057 232 4116 lere
255 4055 393 4134 Romuli,
422 4059 474 4136 qui
497 4059 621 4120 fretrern
641 4061 764 4120 Remum
785 4063 951 4136 interfecit,
973 4083 990 4122 u
1012 4063 1075 4122 lliie
1098 4063 1325 4124 immortalibus
1346 4067 1376 4124 in

169 4141 323 4200 Romanos
336 4163 399 4203 esse
413 4141 543 4204 immisse
560 4153 649 4224 etque
661 4145 792 4208 invecto.
830 4149 910 4226 Virg.
925 4149 1034 4219 Geore.
1052 4155 1078 4213 t.
1096 4147 1141 4228 [r.
1157 4150 1217 4212 501
1239 4149 1308 4232 sq.]
1327 4173 1375 4210 re·

169 4226 232 4286 lert
252 4239 376 4308 accepte
395 4229 532 4308 periurio
553 4229 778 4303 laomedontis,
806 4234 880 4293 rusie
902 4231 1077 4315 iampridem
1104 4235 1252 4316 sunguine
1264 4251 1375 4305 norem

169 4309 408 4374 Laomedonteos
421 4311 530 4374 luimus
544 4315 674 4396 perier-ise
685 4317 791 4398 gentis.
1121 4365 1131 4384 ,

259 4403 308 4464 19.
331 4397 384 4457 Ur
407 4403 674 4474 recurrerem]
690 4401 888 4483 Posteaquam
902 4403 1010 4464 flemus
1022 4401 1171 4466 immerito
1186 4413 1218 4466 et
1233 4407 1374 4471 iniurin

171 4483 263 4544 iretre
277 4481 406 4544 Romulo
419 4484 595 4548 interiectus
613 4497 667 4551 est.
959 4507 962 4514 ’
