2908 5056
180 281 244 346 ³18
564 273 763 339 HOllA'l'll
793 272 1016 340 utrumn.
1106 369 1111 400 r

36 493 39 506 .
142 429 145 432 ¹
163 461 304 512 *matrem
317 443 518 528 adiungentur.
553 445 613 508 lam
628 399 742 528 aquaria.
755 434 875 526 ignibus
889 456 1067 527 temperare,
1089 447 1256 510 calefacere
1273 455 1320 508 est
1336 456 1393 508 aut

180 545 264 596 certe
273 534 450 614 tepefacere.
474 553 562 612 quem
576 535 601 594 si
616 535 683 614 quie
696 533 782 596 molit
794 533 962 612 intelligere
971 533 1107 596 adhiberi
1121 535 1162 596 sd
1173 533 1281 596 vinum
1287 531 1392 596 bieme

179 619 438 701 tepefaciendunr,
459 639 519 680 non
538 619 689 698 pugnabo.
1265 665 1271 672 .

264 713 295 771 7.
319 707 404 779 Quo
426 725 557 784 rnsas.
578 725 668 767 nou.
690 704 771 784 etc]
794 703 881 764 cuiue
896 701 978 764 domi
997 713 1135 786 etquota
1150 704 1226 766 hora
1242 713 1390 766 cenantes

173 791 332 868 ¹Pelignuur
348 790 444 862 trigue
460 791 615 863 luculento
629 791 697 852 loco
712 791 934 872 propulsemus.
977 791 1122 852 Praebere
1137 791 1258 850 domuum
1275 792 1390 852 Greeci

176 877 317 958 παρέχειν
329 877 444 950 dicunt,
465 885 501 934 ut
513 877 658 955 praebere
673 897 792 956 aquom,
813 877 908 936 calena
921 885 977 938 etc.
994 877 1033 938 de
1050 895 1234 956 quo‘genere
1248 875 1390 938 dicemue

175 966 275 1043 Satyr.
291 967 320 1028 4.
340 962 393 1022 lib.
412 967 439 1026 1.
460 961 505 1020 sic
522 963 642 1024 locutus
662 973 708 1024 eet
727 972 757 1022 et
770 964 868 1040 satyr.
883 964 912 1028 5.
932 961 1064 1022 eiusdem
1079 963 1133 1022 lib.
1155 963 1195 1043 [v.
1214 961 1280 1042 88.]
1301 961 1390 1024 Μν-

114 1101 117 1114 ,
175 1073 249 1110 mo
266 1045 421 1129 praebente
435 1043 569 1122 domum,
594 1047 737 1130 Capitone
750 1044 891 1111 culinam.
922 1047 1053 1124 Peligni,
1075 1047 1183 1129 populi
1200 1047 1388 1108 Samnitibus

174 1133 280 1210 uicini,
304 1151 434 1213 quorum
459 1133 635 1216 metropolis
659 1144 704 1194 est
726 1132 900 1196 Corfinium.
926 1134 964 1200 in·
978 1153 1055 1194 voce
1076 1149 1168 1217 quoto
1195 1131 1386 1213 subintellig.

126 1270 128 1283 .
176 1219 260 1283 bora.

261 1309 293 1371 9.
317 1303 374 1364 Da
393 1323 520 1366 nonne
542 1325 597 1365 en.
618 1303 768 1384 novae]
785 1302 1043 1384 quemadmodum
1064 1311 1197 1364 amantea
1218 1323 1274 1364 scu
1295 1325 1389 1364 ome-

175 1400 258 1454 torer
275 1391 440 1464 amicarum
458 1409 581 1450 suerum
599 1395 718 1450 nomina
739 1391 828 1450 toties
848 1389 1139 1465 commemorabant,
1163 1389 1281 1468 quoties
1294 1391 1387 1450 bibe·

175 1477 268 1551 bant,
289 1476 332 1542 ite
349 1485 378 1536 et
393 1495 513 1551 esrum,
536 1496 612 1556 quos
625 1473 750 1536 boneate
764 1475 912 1550 amabant,
934 1475 1098 1536 absentium
1115 1485 1146 1536 et
1159 1475 1290 1536 Deorum
1306 1496 1386 1554 quo-

56 1629 65 1638 ,
176 1583 239 1642 que
252 1561 424 1622 memoriam
439 1563 573 1622 solebant
587 1563 667 1620 inter
682 1561 845 1622 bibendum
861 1561 996 1622 recolere
1011 1581 1046 1620 ac
1060 1581 1218 1622 renovare.
1241 1561 1386 1642 superio·

123 1657 125 1661 ’
155 1649 222 1716 ,rio
243 1648 337 1710 morie
359 1647 530 1726 exemplum
554 1657 599 1708 est
620 1647 701 1724 apud
723 1645 881 1708 Theocrit
898 1647 951 1708 stt.
971 1642 1007 1728 β’.
1027 1646 1068 1723 [v.
1087 1645 1169 1724 ibb]
1195 1641 1272 1726 circio
1292 1642 1386 1710 τόσον

178 1731 247 1796 oliv
267 1733 376 1810 iporeae
394 1725 526 1812 :nepteo
546 1732 684 1811 ἐπεχεῖτο.
705 1732 738 1792 r'd
760 1743 823 1808 est,
846 1751 965 1812 comper
981 1732 1089 1792 amoris
1109 1731 1212 1792 vinum
1234 1731 1385 1792 suadebat

180 1839 234 1880 eeu
252 1817 385 1879 bibebat.
435 1817 554 1877 Amoris
572 1819 675 1877 vinum
699 1827 756 1894 est,
780 1813 895 1898 (inquit
914 1815 1076 1900 interpres)
1099 1818 1182 1897 quod
1204 1819 1272 1898 quis
1293 1817 1382 1894 bibit,

175 1905 305 1965 emicem
324 1925 407 1964 suom
427 1913 481 1962 aut
493 1923 621 1984 puerum
638 1903 780 1963 memorie
801 1911 950 1984 repetens.
973 1903 1056 1984 quod
1072 1903 1239 1982 intelligere
1254 1903 1327 1962 lieet
1344 1923 1384 1962 ex

153 1991 234 2052 'illo
255 1991 385 2052 eiuedesn
407 1989 562 2050 Theocriti
580 1990 670 2049 verbu
687 1989 720 2048 in
739 1992 848 2052 Orico.
865 1983 991 2069 [t‘‚69.]
1015 1987 1077 2050 Kal
1098 1989 1205 2070 πίομαι
1227 1993 1382 2069 μαλακοῖς,

174 2074 368 2160 μεμνημένος
385 2069 587 2157 Ἀγεᾶνακτος.
608 2075 639 2134 id
657 2085 718 2148 cst,
741 2084 770 2134 et
790 2075 921 2134 molliter
941 2074 1041 2134 bibam
1059 2074 1239 2152 Ageanactie
1257 2095 1381 2134 memor.

177 2161 352 2246 posterioris
370 2161 450 2241 apud
466 2160 574 2223 Tibull.
594 2161 668 2238 eleg.
686 2169 713 2224 t.
730 2160 782 2221 lib.
797 2165 827 2225 2.
843 2164 959 2234 [v.81.]
983 2157 1044 2220 Seri
1060 2159 1129 2220 bene
1144 2157 1312 2222 Messalam
1325 2181 1381 2220 aaa

176 2249 300 2334 quicque
325 2245 368 2306 ad
395 2243 506 2325 poeula
535 2244 635 2321 dicut,
664 2243 779 2306 Nomen
807 2259 834 2304 et
861 2243 988 2306 absentie
1009 2241 1128 2327 singula
1152 2243 1243 2304 verbo
1264 2260 1378 2306 rorent.

176 2333 347 2394 Athenaeus
360 2333 413 2392 lib.
430 2337 481 2396 10.
503 2339 574 2410 nei,
588 2329 645 2412 τήν
660 2325 797 2413 μεγάλην,
811 2321 879 2404 δός,
901 2327 1032 2410 ὑποχέας
1045 2332 1150 2408 φιλίας
1163 2323 1304 2405 κυάθους
1318 2335 1381 2394 eoie
1443 2351 1444 2368 ¹

177 2412 339 2500 παρόντων
359 2417 513 2496 τέτταρας,
534 2409 606 2492 eosic
625 2424 703 2498 τρεῖς
721 2409 758 2478 e’
775 2415 892 2498 ἔρωτος.
915 2410 1161 2498 ποοςαποδοίσεις
1178 2410 1307 2500 ὕστερον
1327 2415 1381 2480 ecl
1443 2433 1444 2460 ³

175 2497 347 2586 Ἀντιγόνου
368 2507 424 2566 τοῦ
441 2501 584 2584 βασιλέως
597 2504 802 2582 νίκης-καλοῖς
820 2500 872 2564 enl
889 2505 946 2564 τοῦ
961 2503 1121 2566 νεανίσκου
1138 2495 1261 2566 κύαθον
1276 2509 1380 2584 Δημη-

174 2591 278 2669 upton·
304 2587 378 2670 φέρε
393 2584 447 2650 τόν
464 2587 588 2650 δέκατον
609 2591 702 2667 φίλης
715 2581 906 2667 Ἀφροδίτης·
928 2585 960 2647 id
976 2597 1031 2662 est,
1044 2583 1120 2647 heus
1136 2605 1221 2666 puer,
1236 2607 1380 2666 magnum

58 2675 61 2682 '
178 2669 310 2734 bamili
334 2673 473 2748 calicem,
504 2674 662 2732 infundens
687 2672 836 2732 amicitiae
857 2692 978 2746 eorum,
1015 2675 1068 2751 qui
1097 2671 1217 2748 adsunt,
1251 2673 1379 2753 cyathos

172 2755 337 2840 quattuor,
358 2759 429 2818 treis
448 2758 575 2833 amoris,
595 2767 749 2838 praeterea
765 2757 850 2817 elabis
863 2757 1013 2836 posteriue
1030 2758 1117 2818 etiarn
1135 2759 1277 2839 Antigoni
1297 2761 1379 2838 regis

176 2845 321 2906 victorine
349 2853 378 2904 ct
400 2843 599 2903 adolescentis
626 2843 767 2904 Demetrii
790 2841 948 2922 cyathum,
971 2844 1045 2904 aller
1064 2853 1096 2904 et
1117 2843 1267 2905 decimum
1288 2865 1379 2908 ceree
1443 2877 1444 2904 r

175 2929 312 2994 Veneris.
356 2929 390 2988 ln
405 2927 452 2988 bie
467 2927 567 2987 verbis
587 2937 685 2988 autern
703 2923 752 2988 De
768 2926 856 2988 lanne
867 2949 989 3009 propere
1003 2947 1110 3004 novoe,
1132 2927 1183 2988 De
1199 2933 1295 2991 necne
1310 2953 1379 2992 me-

156 3012 262 3093 'ttteq
284 3013 522 3074 subaudiendam
538 3011 677 3096 cyathum
694 3023 747 3072 aut
759 3011 909 3092 poculum.
950 3015 1009 3074 Sed
1025 3013 1102 3094 quid
1118 3015 1175 3074 eibi
1189 3017 1256 3076 vult
1270 3013 1379 3076 Lunae

175 3094 286 3177 neone,
309 3109 362 3160 aut
376 3120 431 3159 cur
452 3097 559 3159 Lanae
578 3119 672 3158 novoe
685 3097 826 3178 cyathum
841 3099 964 3178 poccitl
986 3099 1044 3160 ulii
1062 3098 1140 3160 hanc
1160 3120 1279 3178 causum
1296 3102 1379 3162 sffe-

175 3175 265 3262 rint,
287 3193 446 3266 propterca
465 3184 546 3264 quod
568 3186 676 3244 morceis
694 3207 711 3242 a
728 3195 866 3244 nascente
887 3187 958 3244 luna
979 3185 1096 3246 initium
1111 3186 1241 3248 ducebat
1261 3197 1291 3246 et
1309 3189 1379 3246 Ka-

175 3271 299 3347 lendae,
322 3271 485 3351 quae-olim
504 3279 587 3330 crant
602 3271 669 3348 ipeo
689 3289 783 3328 rrovae
796 3271 883 3330 lunae
898 3269 962 3344 die,
986 3271 1080 3330 sectus
1104 3271 1168 3333 dies
1190 3282 1256 3334 erat
1271 3263 1302 3334 et
1317 3269 1405 3348 hoc,

174 3358 225 3418 die
242 3357 287 3416 llil
303 3358 444 3436 precibus
458 3367 487 3414 ct
502 3355 656 3415 sacrificiis
671 3353 855 3418 colebantur.
890 3356 1005 3417 iccirco
1021 3355 1079 3418 0d.
1093 3377 1185 3418 xxrrr.
1201 3357 1293 3418 buius
1306 3359 1378 3418 libri
1443 3355 1444 3384 ¹

175 3441 374 3502 eicl'lridilcn
398 3441 576 3520 alloquitur,
606 3437 694 3500 Coelo
713 3443 836 3520 eopbree
855 3441 882 3500 ei
896 3439 997 3502 tulerit
1013 3463 1119 3508 manue
1133 3443 1278 3504 Nascente
1292 3440 1377 3520 luno,

176 3529 287 3602 raetica
302 3526 422 3590 Pttdtte
436 3537 493 3586 etc.
513 3529 563 3586 elii
580 3545 635 3604 per
647 3546 756 3585 novam
767 3527 869 3586 lunam
885 3527 985 3586 lunam
999 3517 1202 3607 vespertinam
1211 3529 1376 3608 significari

174 3614 298 3694 yolunt,
320 3615 405 3693 quasi
428 3631 507 3672 nunc
525 3614 668 3670 orientem
677 3659 688 3686 ,
714 3621 750 3672 ut
769 3611 852 3690 apud
871 3611 972 3690 virgil.
992 3614 1099 3690 Goorg.
1116 3615 1168 3678 lib.
1185 3623 1210 3680 1.
1228 3616 1272 3696 [v.
1287 3615 1374 3697 288]

107 3701 109 3706 ’
173 3697 242 3759 Aut
262 3721 328 3759 cnm
348 3695 411 3758 cole
430 3717 506 3756 nouo
525 3712 618 3756 terroe
639 3697 748 3756 irroret
769 3695 854 3758 Eous.
875 3697 927 3756 ubi
948 3719 1023 3758 novo
1042 3695 1105 3758 eale
1125 3700 1157 3760 id
1179 3711 1235 3772 eat,
1258 3701 1375 3762 oriente

173 3783 249 3842 sole.
272 3781 396 3843 adiuvat
408 3783 517 3842 borum
533 3783 708 3842 sententiam
722 3775 773 3857 id,
797 3781 880 3862 quod
898 3783 1052 3862 sequitur:
1076 3783 1124 3844 Der
1137 3780 1236 3847 ‘noctis
1248 3785 1373 3850 mediae.

173 3867 303 3928 Videtur
317 3869 395 3928 eninr
417 3865 559 3948 poculum
577 3887 703 3948 poscere
720 3868 809 3926 lunae
822 3869 1009 3949 vespertinae
1024 3887 1078 3928 seu
1092 3870 1236 3950 temporie
1249 3889 1374 3953 vesper-

172 3953 237 4028 tini,
254 3964 284 4014 et
299 3955 442 4034 poculum
457 3951 570 4014 merlinc
581 3953 677 4012 noctis
693 3971 746 4011 eeu
760 3954 864 4026 lunae,
886 3973 963 4032 quse
978 3953 1060 4013 lucet
1072 3956 1171 4015 medie
1183 3965 1283 4019 nocte.
1306 3959 1374 4018 No-

173 4057 241 4098 vom
257 4039 350 4117 igitur
369 4040 486 4116 lunam,
508 4037 621 4114 idest,
644 4037 789 4098 orientem
811 4047 841 4098 et
855 4039 1054 4118 vespertinam
1074 4037 1184 4119 cyatho
1204 4041 1304 4102 colere
1321 4045 1373 4102 in-

173 4123 288 4200 stituit,
313 4127 382 4203 quia
399 4125 435 4182 ab
453 4124 511 4184 boc
525 4135 662 4202 tempore
678 4137 750 4181 cena
765 4123 882 4183 initium
896 4125 992 4204 capit:
1014 4137 1134 4186 noctem
1147 4127 1286 4198 mediam,
1301 4129 1372 4208 quia

173 4229 270 4289 usque
291 4210 329 4268 ed
354 4209 481 4271 mediam
501 4219 617 4268 noctem
637 4209 810 4268 convivium
833 4219 863 4268 et
878 4211 1130 4290 competitionem
1148 4213 1320 4292 perducere
1339 4215 1372 4274 iu

136 4367 139 4376 Ι
175 4297 275 4354 animo
298 4293 396 4354 habet.
424 4295 466 4368 sic
491 4295 548 4354 Od.
565 4309 677 4354 xxvrrr.
698 4291 788 4353 buius
809 4293 863 4354 lib.
889 4293 931 4374 [v.
949 4293 1012 4373 lb]
1037 4294 1164 4358 Dicetur
1178 4294 1285 4358 ‘merita
1306 4321 1372 4360 noa·

174 4400 289 4462 paopue
308 4381 429 4442 naenia.
445 4378 516 4438 sliln'
543 4379 720 4456 perducitur
742 4379 893 4458 nequead
916 4381 1030 4454 lucem,
1059 4389 1096 4442 ut
1112 4381 1251 4444 0d.xx1.
1272 4382 1370 4446 eiusd.

174 4467 213 4524 ed
228 4463 418 4544 Ampbomm,
437 4466 478 4544 [v.
489 4461 554 4543 2t.]
571 4465 612 4523 Te
619 4459 712 4522 Liber
721 4479 758 4541 et,
773 4461 886 4525 siluero
901 4463 1006 4544 ederit,
1024 4463 1059 4523 V
1055 4489 1125 4526 enee
1138 4463 1302 4550 Segneeqse
1316 4492 1372 4530 no-

67 4561 73 4575 ¹
173 4541 1371 4638 «tamsoluereGnstathrueqaeprcctocmelacernae,Dumreitessfagaeaeeec

1443 3839 1444 3864 l

1429 4484 1434 4505 l
