2908 5056
104 207 106 210 ’
146 225 210 290 esa
366 301 369 309 ¹
526 183 727 278 nostru
755 213 977 276 cerutus.

145 404 260 452 tractat
276 403 386 450 secreto
401 383 558 448 Kalendis.
600 385 664 449 Neo
685 388 761 448 enim
777 385 864 450 attan
881 383 1201 470 congruit„Kalendo's
1215 383 1349 448 Martias

138 499 207 538 ,ease
223 475 448 560 faeminarum,
479 461 541 534 na'ai
563 475 633 558 quio
648 473 822 558 foeminae,
850 489 882 533 ut
905 471 1053 548 diximus,
1089 471 1171 535 bello
1202 470 1348 532 sedarunt.

147 561 300 621 Hactenus
322 559 464 634 Servius,
495 557 664 638 quaemihi
691 559 837 618 indicarit
861 561 961 618 Germ.
992 559 1103 620 Valens
1130 555 1350 638 Pimpuntinus.

147 647 262 706 Nonren
277 641 361 719 ltat,
379 655 500 704 secutus
523 655 552 704 et
569 645 723 726 upbilium
735 645 997 722 grammaticorum
1014 644 1225 704 auctoritatem
1249 653 1280 702 et
1299 663 1351 698 ve-

147 741 243 792 terum
259 749 442 792 marmorum
452 749 487 789 ao
498 730 549 794 lib.
566 731 769 791 testimonium
783 740 812 790 et
826 730 984 791 doctorum
1000 731 1135 792 virorum
1147 737 1245 806 usum,
1259 729 1351 809 perll

147 817 357 880 excudendum
374 815 489 876 curavi.

233 908 261 966 1.
288 899 477 979 erraras]
502 901 555 980 qui
575 921 630 962 aso
652 919 780 964 uxorem
801 921 858 994 uec
879 883 1158 970 uttsm‘taeminam,
1182 896 1353 979 quaemihi

146 988 255 1048 uxoria
265 987 334 1046 loco
350 987 404 1062 sit,
427 985 510 1046 domi
526 985 660 1046 habeam.

232 1076 263 1138 4.
285 1094 326 1132 rr
349 1073 540 1134 Garsrrra.
563 1071 686 1153 ravo]
704 1093 771 1155 sup.
790 1073 932 1136 derx.
955 1071 1009 1131 lib.
1024 1078 1051 1136 t.
1067 1075 1143 1146 [ta]
1166 1066 1232 1128 Hie
1252 1069 1351 1128 uiuum

147 1155 221 1216 mihi
241 1159 411 1238 caespitem,
433 1157 483 1218 tie
502 1155 536 1216 V
532 1156 668 1233 erdenaa,
689 1161 790 1240 perri,
809 1161 919 1240 ponite.

233 1245 263 1310 5.
287 1245 412 1306 llocrr
434 1243 655 1322 aaastoass]
680 1246 720 1302 ita
735 1245 908 1322 legendum,
930 1263 989 1302 non
1012 1239 1098 1302 docte
1111 1243 1261 1301 sermonis.
1303 1239 1352 1298 lta

149 1329 227 1388 enim
244 1329 450 1406 scriptumest
468 1329 501 1386 irr
522 1329 588 1388 cod.
601 1329 683 1390 l'atir.
706 1339 735 1390 et
753 1351 812 1390 uno
828 1329 933 1406 Vatis,
955 1328 1032 1388 adde
1054 1327 1134 1406 quod
1155 1327 1196 1386 ita
1212 1325 1354 1405 loquitur

150 1413 216 1472 Oda
229 1415 375 1494 proxima,
393 1414 435 1492 [v.
453 1413 513 1491 10.]
535 1411 657 1474 Dulreis
673 1411 763 1474 docta
776 1411 881 1473 modos
897 1430 924 1474 et
941 1413 1072 1475 citherae
1089 1415 1192 1474 sciens.
1217 1412 1353 1490 lienique

150 1500 191 1558 ita
207 1500 279 1578 legit
294 1501 399 1558 Donat.
417 1499 592 1580 producens
607 1509 712 1560 testem
730 1499 810 1558 hune
829 1499 930 1559 locum
946 1510 1104 1558 comment.
1125 1499 1155 1556 in
1171 1495 1307 1556 liutrueh.

115 1655 119 1662 ⁴
234 1589 264 1648 6.
286 1589 316 1650 7.
340 1605 385 1660 ar
414 1607 490 1647 aaa.
512 1587 658 1644 Lrarao
682 1583 806 1665 uara]
837 1605 892 1645 cur
912 1583 1033 1644 Baccho
1056 1605 1148 1666 caper
1167 1585 1352 1658 immoletur,

151 1669 289 1748 enipibua
303 1672 488 1730 notissimum
506 1680 560 1728 eat.
581 1669 663 1747 Virg.
683 1673 789 1746 Geor-g.
805 1676 833 1735 2.
859 1670 899 1750 [v.
912 1669 996 1749 88t.]
1020 1669 1089 1730 Non
1110 1667 1203 1729 eliam
1224 1669 1263 1728 oh
1279 1691 1354 1730 cou-

150 1777 215 1814 aam
232 1753 354 1814 Boccho
378 1779 464 1836 cuper
485 1754 619 1816 omnibus
637 1759 699 1814 oris
716 1753 862 1816 Creditum
884 1766 989 1815 uotum
1007 1765 1051 1816 est
1066 1755 1142 1816 illud
1158 1755 1352 1835 epigramma,

173 1840 232 1898 uod
248 1849 345 1900 exstat
359 1843 602 1920 epigrammatum
620 1841 802 1901 Graecorum
821 1842 872 1900 lib.
891 1847 918 1907 1.
939 1843 1025 1901 cuius
1041 1841 1116 1900 haee
1133 1843 1275 1918 sententia
1296 1849 1352 1914 est,

150 1861 273 1986 itiarnsi
283 1929 431 1987 radicitus
444 1947 536 2007 caper
550 1927 642 1986 vitem
657 1927 810 2008 depascat,
831 1935 947 1988 tantum
961 1938 1060 1988 tamen
1076 1927 1139 1986 vini
1155 1927 1354 2007 prolaturam,

150 2021 295 2090 quantum
321 2014 391 2072 satis
416 2014 455 2073 ait
476 2011 515 2072 ad
537 2011 706 2088 libandum,
729 2013 802 2072 dum
825 2015 1011 2092 immolatur,
1034 2009 1105 2100 Κῇν
1126 2035 1161 2092 με
1184 2007 1286 2094 φάγης
1302 2010 1358 2074 ἐπὶ

150 2099 249 2178 ῥίζαν,
273 2093 355 2178 ὅμως
375 2093 668 2178 ἴτιικαρποφορήσω,
680 2095 796 2161 ‘'Oooov
808 2099 979 2162 intensiori
994 2117 1057 2176 σοι,
1079 2095 1176 2180 τράγε,
1198 2095 1353 2178 θυομένῳ.

148 2179 264 2244 Album
286 2195 385 2246 autem
407 2184 505 2258 dixit,
527 2185 598 2262 quia
621 2183 678 2244 diis
703 2185 821 2262 superis
837 2185 922 2244 albae
942 2183 1056 2244 hostiae
1073 2185 1275 2259 immolantur,
1297 2183 1354 2241 in-

150 2268 222 2326 feris
244 2268 354 2344 nigrae.
401 2269 563 2351 (Arnobius
585 2271 604 2330 l.
622 2275 653 2332 7.
671 2290 748 2349 quae
764 2271 794 2328 in
812 2271 964 2331 coloribus
982 2273 1061 2329 ratio
1085 2281 1147 2345 est,
1171 2277 1228 2328 cur
1243 2268 1352 2327 merito

148 2344 196 2412 his'
217 2352 315 2430 albas,
343 2357 403 2414 illis
426 2365 506 2413 atras
524 2355 682 2414 conveniat
704 2356 939 2433 nigerrimasque
958 2353 1105 2416 mactari?
1136 2357 1213 2428 Quia
1233 2353 1354 2433 superis
1440 2414 1441 2432 ,

149 2437 214 2496 Diis
233 2437 357 2526 (inquit)
379 2451 469 2518 atque
484 2438 639 2498 hominum
656 2441 835 2501 dexteritate
854 2442 1038 2522 pollentibus
1054 2442 1140 2500 color
1154 2443 1249 2499 laetus
1264 2459 1352 2498 acce·
1440 2437 1442 2504 ζ

149 2533 220 2604 ptus
244 2535 291 2584 eat
312 2547 347 2584 ao
367 2527 441 2586 felix
459 2524 611 2584 hilaritate
626 2527 773 2585 candoris.
803 2519 843 2584 llt
858 2548 931 2586 vero
951 2528 1010 2584 Diis
1025 2529 1117 2586 laevia
1135 2523 1353 2604 aedesque-ha-

76 2648 88 2682 ,
149 2607 314 2670 bitantibus
331 2613 450 2686 in'seroa,
474 2611 560 2670 color
574 2611 679 2670 furvus
700 2621 745 2670 eat
760 2613 872 2686 gratior
888 2621 916 2670 et
932 2611 1068 2670 tristibus
1086 2611 1215 2670 suffusus
1234 2631 1248 2668 ο
1265 2610 1353 2670 tucia.

149 2695 250 2756 Valer.
271 2697 392 2758 Maxim.
419 2697 440 2756 l.
457 2703 487 2762 2.
502 2719 527 2756 r.
542 2703 572 2761 4.
592 2697 767 2777 praecipere,
793 2711 824 2760 ur
845 2694 888 2754 ad
911 2695 988 2754 Ditis
1006 2698 1101 2774 patris
1119 2711 1146 2756 et
1162 2695 1354 2777 Proserpinae

150 2801 245 2855 ear-um,
267 2803 286 2838 a
302 2781 472 2866 quasuerat
487 2784 570 2861 potio
592 2781 664 2862 ipsis
685 2777 791 2855 altare,
810 2777 916 2858 furuae
930 2779 1043 2842 hostiae
1058 2779 1280 2862 immolarentur
1295 2791 1351 2840 etc.

150 2863 223 2926 ibid.
254 2869 359 2946 paullo
383 2877 468 2946 post,
498 2864 569 2926 Ηοο
596 2879 755 2948 postquam
780 2863 921 2926 Valesius
942 2869 1096 2926 nuntiante
1121 2889 1202 2926 seruo
1227 2868 1350 2948 aooepit,

152 2939 260 3012 ὀοιίοοο
276 2949 414 3010 emendae
430 2973 500 3010 arae
514 2953 682 3032 proposito,
705 2949 817 3012 hostias
832 2953 976 3031 integrus,
999 2973 1075 3033 quae
1096 2953 1259 3034 antiquitus
1274 2953 1353 3036 fun-

151 3055 205 3094 uoe
218 3033 413 3114 dicebantur,
431 3037 553 3096 Tarenti
567 3033 739 3097 immolavit.
762 3035 833 3094 ibid.
847 3037 934 3112 inira,
956 3033 1037 3116 apud
1052 3034 1171 3095 eandem
1186 3058 1271 3094 aram
1288 3059 1353 3114 pu-

153 3117 229 3182 blice
243 3125 419 3203 nunoupatia
433 3124 509 3182 uotis
524 3121 673 3202 oueshque
686 3123 759 3182 atris
775 3119 867 3182 bubus
882 3121 948 3182 Diti
959 3119 1099 3198 moribus,
1111 3120 1262 3208 foeminis
1279 3119 1353 3182 Pro·

151 3208 283 3288 serpiuue
297 3206 368 3292 etc.)
397 3205 538 3282 [Exedit.
554 3203 645 3286 post]

237 3297 267 3358 7.
298 3313 421 3354 ruore
450 3311 681 3352 enarrarre
709 3289 793 3350 Aua.
822 3289 936 3374 reru]
973 3291 1013 3352 da
1047 3289 1106 3352 hac
1146 3294 1255 3352 arbore
1288 3293 1354 3370 lege

107 3404 112 3410 ·
152 3377 210 3454 Od.
226 3397 295 3439 1111.
311 3379 365 3452 tib.
378 3385 408 3447 2.
432 3375 489 3438 tlte
503 3391 530 3436 et
545 3375 661 3462 nefirsto
682 3389 709 3434 te
719 3378 819 3456 posuit
835 3375 891 3440 die.
907 3388 935 3438 et
950 3399 1027 3438 xvir.
1044 3376 1087 3456 [v.
1099 3378 1169 3460 27.]
1193 3377 1248 3440 Me
1264 3393 1355 3440 trun-

152 3485 204 3522 oua
229 3460 356 3544 illapsus
376 3462 492 3526 cerebro
517 3459 682 3522 Sustulerut
700 3471 756 3522 ato.
784 3460 947 3526 Funeratus
968 3472 1081 3542 autem,
1111 3463 1143 3522 id
1167 3473 1226 3541 eat,
1243 3462 1355 3525 'lunera
1400 3503 1404 3512 ·

151 3549 248 3608 elatus
261 3558 293 3608 'et
308 3551 350 3609 ita
366 3551 560 3611 exanimatus.
968 3551 973 3562 '

235 3639 265 3703 9.
295 3635 366 3694 llic
395 3655 481 3695 nara
508 3655 610 3694 arro
638 3632 867 3714 rena-aare]
905 3632 969 3692 dies
995 3633 1089 3696 sertus
1121 3634 1355 3696 anniversarius.

151 3741 230 3780 anno
246 3717 394 3796 redeunte,
417 3737 495 3778 anno
513 3729 662 3795 vertente,
684 3717 905 3800 περιπλομένου
921 3717 1069 3784 ἐνιαυτοῦ.
1094 3720 1197 3782 Horat.
1214 3723 1312 3799 Satyr.
1323 3727 1355 3786 2.

150 3803 204 3866 tib.
219 3811 249 3870 2.
263 3803 305 3884 [r.
320 3806 384 3886 88.]
410 3805 478 3866 Sive
491 3803 566 3863 diem
570 3803 686 3886 festum
701 3803 813 3864 rediens
829 3799 983 3887 advexerit
998 3827 1101 3868 annus.
1124 3805 1233 3887 ἔτυμον
1247 3807 1356 3867 Graeci

151 3891 280 3950 nominis
297 3887 445 3967 ἐνιαυτός,
467 3891 552 3969 quasi
570 3891 601 3950 in
621 3891 750 3969 seipsum
772 3889 937 3950 revolutus.

238 3977 776 4045 10.Corrrura1·,aerrroruar
803 3969 906 4054 rior]
936 3972 997 4036 hot:
1019 3973 1067 4034 dia
1087 3976 1165 4036 sesto
1188 3977 1357 4037 relinentur

152 4059 233 4121 dolia
247 4073 277 4122 et
289 4061 452 4142 amphorae
467 4062 568 4140 picato
585 4061 696 4120 cortice
715 4061 881 4121 obturatae.
1180 4075 1182 4082 ’

177 4173 179 4185 ·
238 4153 286 4213 10.
308 4147 555 4226 oratorem]
580 4144 740 4206 demovedit
755 4145 964 4226 exsudandum
980 4147 1094 4226 curari,
1118 4165 1191 4221 non,
1214 4157 1247 4206 ut
1262 4147 1355 4224 vulgo

152 4231 272 4310 legitur,
297 4230 462 4304 dimovebit,
479 4233 562 4310 quod
576 4234 616 4292 ita
636 4232 782 4312 scriptum
799 4233 962 4310 repererim
979 4233 1012 4292 in
1027 4233 1123 4292 tribua
1139 4232 1224 4292 libris
1240 4233 1356 4292 calamo

39 4377 40 4386 ,
153 4319 290 4380 exaratis.
312 4317 472 4400 amphorae
488 4326 587 4377 autem
604 4318 718 4378 dietum
736 4337 791 4396 pro
807 4315 844 4374 ab
861 4315 1021 4396 amphora,
1042 4327 1076 4377 ut
1090 4327 1120 4378 et
1132 4319 1277 4379 Priscian.
1296 4317 1356 4378 do-

155 4414 203 4462 eet
219 4405 271 4466 lib.
288 4409 338 4468 17.
361 4402 514 4484 Amphora
531 4423 623 4482 porro
639 4421 692 4462 aeu
708 4401 887 4481 quadrantal
903 4401 965 4460 vini
983 4403 1131 4463 sextarios
1147 4413 1216 4466 octo
1231 4415 1263 4466 et
1276 4425 1355 4486 qua-

156 4489 290 4569 draginta
307 4489 493 4566 continebat,
515 4499 657 4568 utsupra
676 4507 713 4547 ex
727 4487 815 4548 Festo
837 4487 1054 4548 admonuimus.
