2884 5044
120 259 173 312 ¹11
235 216 268 305 ,Ι

120 405 197 530 ayne
221 405 341 484 animo
367 401 610 510 dignissimae:
643 423 729 482 sunt
743 403 946 510 gravitatis,
972 403 1184 506 sapientiae,
1210 403 1331 508 piete-

79 515 82 522 '
122 533 186 607 us,
225 507 397 606 iustitiae,
429 508 673 608 liberalitatis,
711 510 842 587 amoris
874 509 917 586 in
950 509 1142 588 Gallorum
1168 510 1331 586 civitates

121 613 357 717 plenissimae.
399 609 476 688 sed
501 633 543 690 ut
569 639 616 690 ex
644 612 703 688 his
729 641 807 712 ess,
839 636 932 718 quae
954 611 1003 688 ad
1023 609 1111 688 iuris
1131 613 1331 716 aequabilis

124 713 616 818 descriptionem,'quao·nd
641 715 832 818 iustip'hm,
870 745 965 822 quae
989 715 1037 818 ad
1063 717 1259 822 religiones
1285 720 1330 791 dc
1428 740 1429 750 ¹

123 819 369 899 caeremonias
393 819 597 922 pertinent,
629 820 931 920 praetermittam,
957 821 1089 896 vellem
1113 819 1205 896 mihi
1229 837 1331 896 taum

123 944 337 1045 suppeteret
360 922 531 1001 orationis
556 923 726 1021 facultas,
751 945 793 1001 ut
815 923 1031 1103 singularem
1048 921 1247 1020 Francisci,
1271 920 1331 1010 ari

896 1055 919 1104 ο

125 1049 181 1117 tut
204 1034 324 1120 (cutus
352 1051 488 1100 nomen
513 1025 646 1130 vigebit
670 1027 844 1104 anemoria
920 1023 1060 1102 minum
1084 1025 1331 1128 sempiterna),

92 1203 97 1216 Ι
126 1130 178 1222 in,
191 1130 287 1206 risos
318 1127 478 1228 eruditos
506 1129 797 1219 benerolsntiam
844 1157 886 1217 sc
917 1129 1168 1208 liberalitatem
1192 1127 1330 1203 meritis

16 1223 26 1240 ⁹
127 1231 451 1316 lsudibneefferre
477 1259 630 1336 possem.
683 1233 961 1324 Quantirenim
985 1232 1153 1335 pra'emiis
1172 1231 1256 1307 illos
1267 1233 1331 1334 ,in-

127 1333 280 1414 vitarit?
318 1355 412 1438 quot
448 1355 486 1414 ct
509 1335 654 1442 quantis
690 1337 903 1416 muneribus
927 1335 1148 1414 cumularitl
1196 1333 1332 1436 Neque

127 1437 284 1545 veroin
318 1439 445 1514 Gallos
468 1459 629 1537 tantum,
668 1439 744 1516 hoc
769 1462 823 1517 est
854 1441 895 1516 in
929 1466 1038 1536 suos,
1077 1439 1127 1514 ita
1155 1437 1331 1512 animatus

127 1541 217 1642 fuit,
246 1542 508 1623 verumetiam
534 1553 708 1646 exteros,
726 1565 834 1648 atque
857 1543 953 1623 adeo
977 1545 1094 1620 multo
1119 1537 1330 1644 impepsius,
1431 1620 1432 1624 Ἴ

131 1643 233 1722 omni
255 1644 518 1746 beneficiorum
531 1673 678 1750 ,genere
715 1649 813 1724 auxit
844 1667 954 1750 atque
982 1645 1134 1722 ornarit.
1183 1643 1331 1746 Ex‘quo

129 1749 265 1824 facium
291 1767 364 1840 est,
389 1767 433 1824 nt
457 1773 505 1824 ex
530 1751 698 1826 omnibus
723 1773 899 1832 terrarum
924 1751 998 1828 orie
1023 1778 1064 1826 ac
1086 1745 1247 1850 partibus
1263 1743 1333 1822 viri

125 1850 409 1948 Helinium,
446 1849 686 1951 Graecarum,
724 1855 935 1931 Latinarum
959 1855 1160 1930 litterarum
1184 1847 1333 1925 scientia
1432 1933 1433 1956 ,

129 1955 238 2050 clari,
262 1953 492 2055 philosophi,
516 1955 781 2056 iurisconsulti,
807 1979 954 2060 poetae,
980 1955 1145 2032 rhetores
1165 1949 1333 2054 praemiis

131 2056 354 2160 amplissimis
380 2055 524 2132 excitati
554 2057 593 2133 in
628 2061 781 2138 Gelliam
806 2081 905 2136 tuam
930 2060 1200 2137 convenirent..
1227 2055 1333 2129 Muta

130 2179 210 2236 turn
236 2180 341 2245 erent
366 2159 411 2238 sb
438 2159 508 2266 illis
532 2161 680 2260 litteris,
710 2189 730 2240 a
755 2163 896 2266 liquida
919 2184 956 2238 et
980 2163 1150 2268 germane
1173 2155 1335 2260 philoso-

130 2259 242 2364 phis,
267 2291 288 2342 e
314 2285 479 2338 veterum
512 2285 549 2338 et
580 2268 818 2362 probatorum
851 2265 1042 2344 auc‘torum
1074 2262 1225 2340 vocibus
1257 2259 1335 2340 Lu·

132 2365 239 2442 tetise
264 2367 461 2468 gymnesiae
493 2363 661 2464 rigebant
685 2368 724 2444 in
751 2371 802 2446 eis
826 2369 971 2470 ineptae
996 2370 1193 2472 verborum
1214 2381 1336 2463 capta·

132 2467 249 2546 tiones
281 2483 319 2536 et
351 2467 654 2544 concertationes:
688 2471 815 2548 inanes
856 2495 893 2547 et
924 2473 1091 2570 spinosae
1124 2465 1334 2568 quaestiun·
1434 2500 1435 2528 2

132 2562 235 2638 culce
268 2563 518 2662 ponebantur:
558 2567 703 2648 fallaces
753 2592 791 2648 et
822 2571 982 2666 minutae
1008 2569 1334 2668 ⁸conclusiunculae
1434 2655 1435 2658 Ἴ

132 2667 488 2766 contorquebantur:
512 2667 1017 2771 disputationibusanilibus,
1042 2672 1200 2750 barbaris
1219 2670 1334 2751 nomi·

131 2765 242 2864 nibus
285 2797 327 2846 ee
360 2770 529 2867 vocibus,
569 2773 917 2876 impolitissimorum
956 2777 1137 2856 librorum
1176 2775 1334 2851 lectione

66 2874 69 2899 ¹
133 2871 299 2964 ompium
324 2875 589 2984 gymnasiorum
607 2881 759 2978 parietes
776 2883 1035 2983 personabant:
1061 2907 1182 2956 merae
1204 2903 1335 2980 nugae,

132 3001 252 3052 merse
277 2975 455 3077 ineptiae,
493 3006 594 3054 mera
618 2983 797 3060 barbaries
823 2985 1034 3064 docebatur.
1086 2981 1219 3087 Ignoti,
1232 2983 1336 3058 erant

131 3078 336 3182 Homerus,
374 3078 569 3178 Pindarus,
602 3086 825 3191 Aeschylus,
861 3087 1084 3192 Sophocles,
1122 3083 1335 3186 Euripides:

131 3181 247 3284 ignoti
271 3182 395 3278 Plato,
420 3183 652 3286 Xenophon,
682 3191 914 3288 Aristoteles,
933 3189 1231 3294 Theophrastus,
1247 3189 1335 3264 Plu·

133 3285 298 3386 tercbus:
330 3285 454 3390 ignoti,
475 3287 703 3380 Herodotus,
737 3292 995 3399 Thucydides,
1027 3293 1217 3396 Polybius,
1242 3291 1336 3364 Dio·

135 3387 267 3482 dorus,
300 3389 414 3462 ceteri
443 3389 576 3468 Graeci
602 3388 798 3498 scriptores
821 3425 954 3474 omnes.
995 3398 1159 3500 Linguae
1183 3394 1334 3470 Latinae

133 3490 345 3596 elegantium
378 3513 415 3568 et
441 3495 675 3596 munditiem,
719 3505 974 3602 incorruptum
1003 3501 1124 3576 Latini
1158 3497 1334 3574 sermonis

135 3607 371 3690 ttetttnuem0
398 3619 569 3696 noverat,
594 3629 704 3680 nemo
727 3609 890 3681 docebat.
941 3605 1143 3682 Hebraicee
1167 3624 1203 3676 et
1221 3602 1335 3676 Grae·

82 3747 84 3756 s
134 3723 209 3774 cse.
224 3697 375 3799 linguae
393 3725 439 3774 ne
471 3703 651 3780 elementa
679 3707 829 3810 quidem
858 3730 958 3784 erant
986 3730 1093 3802 nota,
1134 3705 1234 3782 omni
1261 3705 1335 3778 ele·

109 3871 117 3878 .
159 3799 299 3876 antiore
339 3821 377 3876 et
410 3805 557 3902 puriore
594 3807 782 3906 doctrina,
833 3813 1002 3888 omnibus
1032 3813 1257 3906 Graecorum
1296 3829 1336 3886 et

89 3931 98 3944 ·
188 3903 350 3978 tinorum
371 3907 528 3984 melioris
549 3933 658 3987 notae
680 3915 897 4016 scriptorum
923 3913 1166 3992 monumentis
1190 3913 1335 3986 careba-

133 4033 226 4114 mus.
277 4007 394 4126 'Piget
421 4010 631 4114 pudetque
646 4019 783 4094 referre
808 4039 942 4122 quantu
971 4039 1050 4094 tum
1078 4013 1242 4092 omnium
1260 4019 1335 4110 ibo.-

113 4137 266 4206 „aarum
291 4131 423 4186 aruum
450 4115 628 4220 ignoratio
658 4122 810 4198 Galliam
838 4145 937 4198 tuam
967 4125 1143 4198 obsessam
1174 4140 1334 4195 teneret:

133 4211 279 4314 quantis
300 4215 462 4310 tenebris
484 4221 642 4320 populus
672 4245 757 4300 tuus
784 4221 1042 4322 circumfusus,
1075 4253 1116 4300 ac
1140 4249 1257 4322 paene
1280 4219 1337 4296 dr·

134 4344 234 4411 cam,
265 4317 428 4418 sepultus
457 4344 559 4397 esset.
623 4326 779 4403 Exortus
806 4351 859 4405 est
882 4325 1100 4406 'Franciscus
1126 4327 1212 4422 ille,
1248 4354 1335 4402 arus
1433 4369 1435 4376 ,

135 4440 239 4532 tuus,
263 4415 512 4546 humanarum,
532 4425 731 4512 litterarum
756 4433 991 4539 omniumque
1013 4435 1254 4540 ingenuarum
1278 4458 1334 4506 er·
