2874 5050
148 221 212 288 tto
444 211 650 278 ttrotrluu
679 213 872 344 EPORON
901 211 1051 290 LIBER,

149 383 180 447 itl
198 393 261 462 est,
283 383 453 448 celebretur
467 395 497 448 et
509 385 569 448 boc
584 385 648 448 eius
663 385 795 466 dictum,
814 407 882 450 cum
894 377 1031 448 'dixisset
1047 385 1177 462 Satyrus
1195 401 1269 444 eum
1283 381 1355 462 plo-
1421 389 1422 466 l

147 482 305 548 returum,
336 473 393 540 uisi
423 481 552 550 luceret,
581 481 612 532 ot
635 471 661 532 si
677 483 816 553 terem,
845 468 969 557 (iuquit)
997 491 1059 530 non
1079 471 1173 548 igitur
1200 467 1355 550 plumbo?

149 549 322 618 Athenee'uu
335 557 386 618 lib.
403 557 433 624 4.
455 579 493 618 ex
509 557 700 638 Hegessntlio
715 557 753 619 de
777 559 908 644 quodem
923 567 1018 634 ssoto,
1038 551 1187 628 Ἐλευσῖνί
1197 577 1234 617 τε
1249 572 1356 634 proserp
1421 583 1422 630 1

147 637 224 726 pinis
236 638 335 705 ὄντων
352 640 464 723 ἔθηκεν
477 636 669 729 Ἀρισταγόρᾳ
682 647 722 730 τῇ
734 641 870 727 ipupisp
884 639 1002 724 θρόνον
1016 638 1098 730 nupsi
1111 639 1146 705 ei
1155 635 1356 718 Ἀνάκτορον,

148 722 531 892 οἰμώξεσθαιὲἒήσσςτσΰς
544 724 745 802 κωλύσοντες.
758 727 1007 807 insenuerunt
1021 739 1121 790 sutem
1136 725 1356 806 mysteriorum

148 813 198 874 die
223 813 322 872 Aristo
363 833 413 874 rne
432 813 547 874 emices
570 813 670 874 sedern
692 816 797 896 posuit
816 815 854 876 ud
876 813 978 875 sedeur
1002 813 1134 874 Castoris
1150 821 1182 871 et
1206 810 1355 885 Pollucis,

106 937 113 950 .
147 899 318 980 plorsturo'e
334 897 437 958 dicens
451 899 503 980 qui
519 899 719 980 prohiberent.
736 901 833 960 utitur
846 909 876 960 st
889 900 928 960 bl.
942 899 1020 961 Tull
1037 897 1122 977 epist
1135 897 1246 956 ultime
1262 896 1317 955 lib.
1327 901 1354 960 3.

147 983 185 1042 ed
194 983 230 1058 Q.
241 984 320 1042 Eret.
329 979 391 1045 ἀλλ’
403 983 561 1065 σίμωζὲτω,
569 986 721 1046 nosmodo
735 987 898 1046 vslesurus.
908 985 1010 1064 Eurip.
1019 983 1050 1042 iu
1060 983 1203 1062 Cyclope,
1213 983 1261 1061 [v.
1272 980 1354 1059 stu]

146 1063 384 1147 urielisirtiorrroe
400 1063 539 1148 σῖμσθίιιν
549 1071 675 1133 Κλσίειν
688 1067 818 1134 κελεύων
834 1069 886 1132 stul
900 1064 1242 1147 erisiptluipriupioou.
1265 1068 1355 1146 Apud

147 1151 376 1234 Aristophanem
392 1165 491 1216 autern
506 1155 582 1218 locis
598 1155 863 1216 innumerabilibus
876 1153 951 1216 bsee
965 1153 1057 1214 verbe
1072 1153 1222 1216 iterantur
1239 1155 1356 1216 eluisse

147 1249 178 1300 et
193 1233 341 1319 οἰμώζειν.
365 1249 394 1300 et
412 1239 539 1302 tolidem
554 1241 635 1322 upurl
654 1243 827 1304 tustanum.

230 1329 282 1390 76.
305 1325 450 1384 blsssss
471 1325 659 1406 vocrs'us]
680 1327 785 1387 Morsis
798 1321 1202 1403 corminibus.Virg.ben.7.
1215 1322 1355 1404 [v.758.]

146 1429 238 1490 neque
257 1431 321 1470 eum
343 1411 438 1469 iuuere
457 1411 489 1472 in
511 1409 632 1472 uulnera
652 1427 758 1472 contus
777 1409 940 1490 somniferi
959 1425 987 1469 et
1013 1409 1124 1470 Marsis
1145 1410 1303 1490 quaesitae
1326 1411 1357 1466 is

146 1490 295 1554 montibus
310 1491 423 1556 beriae.
446 1495 593 1576 Pompon.
614 1495 755 1558 Pistorib.
788 1495 901 1557 Mirum
921 1496 954 1554 ni
967 1493 1040 1554 iaec
1056 1493 1164 1556 Mur-sn
1178 1507 1231 1552 est.
1256 1496 1289 1552 in
1308 1515 1357 1554 σσ·

145 1573 249 1638 lutras
263 1575 353 1638 nollet
373 1578 605 1640 oratiunculam.
627 1581 664 1644 el.
685 1577 876 1642 eontieulum.
900 1599 938 1639 ex
954 1580 1063 1642 Nonio.
1084 1579 1231 1638 sententia
1253 1588 1357 1637 eutem

144 1658 221 1722 brec
236 1671 297 1739 est,
319 1683 375 1724 nec
390 1683 473 1722 urens
487 1673 549 1740 tuo,
565 1666 656 1726 semel
672 1665 745 1726 meis
757 1665 881 1730 venenis
897 1665 1035 1744 slisnsts,
1048 1663 1230 1726 ominibus
1246 1664 1356 1724 lrlersis

145 1756 292 1807 revocate.
304 1749 343 1808 sd
359 1749 515 1808 sanitatem
531 1759 708 1810 revertetur.

230 1837 283 1900 78.
305 1833 598 1914 Fssrrursurr]
628 1833 817 1914 subintellige
839 1857 901 1912 me,
929 1841 966 1894 ut
984 1843 1067 1894 reete
1087 1843 1173 1894 notet
1198 1834 1355 1915 Porphyr.

145 1915 178 1976 id
195 1927 256 1993 est,
279 1939 325 1978 ms
342 1919 522 1999 aspernanti.
546 1921 636 2002 epist.
650 1925 682 1988 8.
698 1919 750 1980 lib.
766 1927 794 1988 1.
814 1917 937 2002 [v.1l.]
959 1917 1108 1980 Fastidire
1126 1917 1213 1980 loeus
1227 1935 1260 1980 et
1277 1923 1356 1981 riuos

130 2023 235 2083 'eurus
250 2017 376 2084 apertos.

174 2111 179 2130 ι
229 2092 281 2154 79.
303 2088 502 2158 l’rrrusons
524 2107 684 2150 usssuss
704 2111 816 2150 srusr
836 2089 934 2172 ssu]
955 2087 1132 2171 hyperbole.
1175 2091 1286 2167 Prius,
1309 2092 1356 2150 in-

146 2170 231 2250 quit,
255 2173 370 2233 caelum
386 2173 462 2234 mori
478 2174 659 2252 subridebit,
683 2197 736 2236 seu
756 2175 891 2236 subsidet
908 2185 939 2236 ot
954 2175 1139 2252 subiacebit,
1162 2183 1248 2238 terro
1266 2197 1358 2260 super

145 2257 262 2316 caelum
274 2264 305 2314 et
317 2275 398 2320 mure
413 2259 547 2340 proiecte
563 2270 652 2339 etque
668 2271 804 2338 extenta,
827 2279 916 2339 quem
933 2279 994 2318 non
1011 2281 1111 2320 umore
1125 2269 1185 2324 ete.

230 2341 284 2404 80.
307 2339 489 2400 Tsuuuns
514 2365 625 2406 ross.
646 2344 742 2426 sure]
764 2355 846 2405 terra
864 2345 1044 2424 superiecto.
1067 2345 1111 2403 sie
1125 2345 1212 2406 ‘enim
1232 2345 1358 2406 loeutus

146 2430 195 2560 ppt
211 2441 278 2498 sup.
294 2421 352 2480 od.
374 2445 406 2483 rt.
425 2425 478 2484 lib.
494 2433 522 2492 1.
547 2428 589 2502 [v.
603 2428 666 2504 ll.]
689 2427 727 2484 Et
742 2425 1043 2510 superiectupuuiriue
1058 2437 1201 2490 notorum
1214 2429 1359 2515 Aequore

188 2523 262 2562 moe.

230 2591 283 2652 82.
305 2587 484 2648 Brousrur
506 2591 790 2674 intereresse]
812 2593 896 2674 Virg.
917 2593 970 2656 lib.
990 2600 1021 2663 8.
1052 2595 1176 2676 [Georg.
1197 2597 1291 2678 451]
1314 2601 1359 2658 ni

144 2691 289 2752 grumpue
303 2669 438 2732 bitumen.

230 2759 283 2822 88.
307 2757 379 2816 Suu
402 2755 525 2838 usse]
548 2759 653 2840 poullo
668 2770 757 2840 post,
779 2781 869 2841 qusm
883 2759 959 2826 bseo
974 2763 1078 2826 loculs
1099 2775 1147 2828 est
1161 2766 1300 2830 Cenidis.
1322 2768 1360 2830 de

146 2839 369 2920 praepositione
385 2839 439 2900 sub
455 2843 525 2902 vide
540 2853 641 2908 ennot.
658 2845 696 2904 sd
718 2845 775 2908 Od.
791 2867 835 2907 rx.
849 2847 949 2913 titur.

232 2927 283 2991 84.
303 2924 476 3006 Lsrrrsu]
502 2928 624 2990 lenibat.
648 2941 683 2990 ut
705 2933 805 3012 Setyr.
824 2937 854 2999 9.
878 2933 931 2994 lib.
953 2940 980 3002 1.
1004 2934 1046 3016 [v.
1065 2935 1132 3016 68]
1155 2959 1253 2996 meum
1276 2939 1363 3000 ιἐοιιι·

146 3031 228 3152 urps
249 3005 327 3072 bilis.
348 3009 419 3074 uide
438 3021 540 3074 enuot.
562 3014 601 3074 ed
617 3015 719 3096 Sstyr.
731 3023 764 3084 8.
785 3017 839 3078 lib.
862 3025 896 3104 1.
917 3018 959 3101 [v.
975 3021 1039 3102 47]
1064 3035 1097 3082 ot
1118 3017 1171 3082 ilie
1186 3041 1308 3084 currere
1330 3028 1363 3084 in

146 3116 183 3152 ur
203 3115 258 3155 em.
344 3122 352 3132 ·
1036 3121 1041 3129 ’
1116 3155 1120 3166 ,
1152 3133 1154 3138 ·

233 3179 286 3245 85.
310 3199 410 3238 unus
433 3201 547 3244 unsre.
570 3179 665 3267 srr..]
693 3183 774 3245 unde
797 3187 954 3250 exordium
976 3189 1120 3270 loquendi
1140 3197 1286 3253 subisset.
1317 3195 1362 3254 sie

59 3265 63 3278 '
146 3261 285 3342 loquitur
302 3263 416 3324 Lucret.
433 3265 485 3330 lib.
500 3273 530 3332 4.
547 3267 588 3348 [r.
599 3269 621 3330 l.
638 3267 676 3328 od
687 3270 786 3352 r.5l.]
811 3263 943 3349 Ouirum
959 3279 1116 3358 noctivago
1129 3280 1253 3358 strepitu
1268 3276 1364 3340 lesio-

147 3370 204 3432 pue
216 3349 329 3408 iocanti
342 3347 492 3433 Affirmot
510 3349 599 3432 uulgo
614 3356 762 3416 taciturne
782 3353 900 3420 silentio
916 3361 1021 3442 rumpi.
1042 3362 1125 3440 Virg.
1138 3361 1189 3421 lib.
1208 3367 1261 3427 10.
1286 3367 1362 3424 ben.

148 3433 191 3514 [v.
206 3432 270 3512 68]
312 3431 365 3494 nint
378 3459 423 3494 me
440 3433 506 3496 ulto
517 3435 637 3497 'silentio
655 3441 736 3521 cogis
749 3433 898 3522 Rumpere
909 3459 936 3504 et
949 3441 1110 3506 obductum
1124 3445 1219 3507 uerbis
1231 3445 1360 3529 uulgare

149 3459 309 3580 dolorem?
324 3520 402 3581 idern
419 3522 539 3582 videtur
551 3523 652 3582 uslere
666 3547 800 3605 rumpere
814 3547 924 3590 noem.
948 3529 1032 3607 Virg.
1054 3531 1176 3590 Aeneid.
1193 3539 1225 3598 9.
1250 3533 1357 3612 [129]

151 3597 320 3683 Composito
338 3607 447 3685 rumpit
461 3627 560 3668 uocem
580 3621 607 3666 rt
624 3631 670 3675 me
685 3606 811 3669 destinat
831 3633 912 3673 urae.
935 3623 966 3675 el
981 3617 1034 3675 lib.
1048 3621 1077 3682 8.
1097 3615 1196 3696 [246]
1220 3622 1360 3700 repitque

46 3711 50 3720 ·
149 3681 228 3746 buno
247 3702 364 3766 pectore
385 3703 494 3750 uocem.
535 3693 597 3751 Seel
617 3691 677 3752 lrou
700 3693 741 3752 ile
762 3695 892 3776 dictum,
914 3709 951 3758 ut
970 3699 1047 3760 illud
1065 3701 1102 3760 sb
1125 3702 1232 3763 eodem
1252 3705 1310 3764 lib.
1326 3709 1357 3770 4.

63 3769 71 3781 ,
151 3767 248 3874 [653]
275 3771 389 3870 Tantos
403 3771 460 3834 illo
474 3795 527 3836 suo
547 3777 698 3859 rumpebat
712 3795 829 3885 pectore
850 3798 978 3886 questus.
1001 3795 1032 3886 ‘i
1052 3786 1096 3848 ils
1115 3788 1240 3894 Gpseci,
1264 3790 1359 3870 ῥῆξαι

150 3857 1096 4031 tltllilsslllttflll·.³.⁵[}:¹.il⁰l'll'¹;t.l⁵lit{
1114 3872 1360 4038 titbtff'l}

150 4021 212 4090 sirie
234 4020 359 4092 ἐπιόντα
377 4025 430 4090 τόν
454 4027 592 4121 Πέρσηνε
615 4025 682 4096 sirri'
696 4031 784 4109 δέους
802 4057 835 4097 se
851 4036 903 4100 seul
923 4045 1021 4106 rusori
1041 4039 1146 4124 ἔρρηξε
1162 4038 1276 4125 φωνήν
1298 4057 1358 4107 ete.

15 4133 16 4138 ¹
149 4111 260 4188 idest,
281 4111 331 4171 bie
351 4123 450 4174 sutem
473 4134 564 4193 puer,
587 4121 639 4196 qui
660 4128 760 4178 mulus
781 4131 862 4196 eret,
884 4131 918 4182 nt
936 4123 1015 4184 vidit
1032 4127 1200 4189 irruentem
1220 4129 1357 4206 Perseus,

149 4217 223 4294 prpe
239 4207 320 4256 metu
336 4207 366 4256 et
380 4196 458 4258 melo
468 4202 556 4279 rupit
573 4221 689 4265 vocem.
706 4203 858 4270 Demoslh.
873 4205 1005 4290 Philipp.
1018 4215 1048 4278 9.
1064 4207 1136 4287 ε’ἆςιε
1151 4207 1358 4298 simpiterno

151 4283 312 4362 ἐνολμησεν
328 4278 430 4356 οὐδεὶς
444 4280 584 4348 rororirou
597 4293 695 4350 κακοῦ
707 4285 880 4370 sepontinos
895 4291 985 4375 ρῆξαι
999 4292 1117 4378 φωνήν.
1131 4299 1164 4359 id
1177 4309 1234 4374 est,
1251 4301 1358 4376 Quare

150 4385 211 4424 non
225 4377 294 4427 ente
309 4369 467 4448 quisquam
479 4389 568 4430 susus
579 4383 625 4434 est
639 4373 692 4434 trli
710 4375 789 4435 melo
805 4389 910 4438 coorto
924 4400 1033 4444 rocem
1046 4403 1195 4466 rumpere
1219 4395 1251 4446 et
1264 4387 1359 4468 ῥῆξαι

151 4447 281 4541 σιωπήν.
302 4453 431 4534 Oppinn.
445 4453 501 4552 lib.
520 4461 547 4521 1.
564 4455 606 4536 [ε.
620 4458 710 4538 uun]
734 4482 869 4545 ειννηγεσ.
879 4459 988 4540 “issum
1002 4465 1036 4532 is
1049 4467 1162 4556 rioplup
1176 4469 1272 4554 ῥῆξὲν
1285 4493 1359 4537 sose
