2916 5054
105 269 168 336 2⁶2
258 299 261 314 .
352 339 356 346 ⁸
489 261 1011 326 nouarnclnlnrs·=

22 449 29 456 “
106 435 249 496 bellinum
270 435 385 510 Latini,
408 431 622 518 Hippocrenen
641 433 751 510 Graeci
769 442 894 498 vocant:
917 451 1015 514 neque
1039 431 1165 508 laboro,
1188 434 1265 494 sitne
1283 432 1320 494 iu

105 532 207 582 monte
224 522 389 599 Helicone,
413 543 450 582 an
470 525 500 582 in
526 525 686 582 Parnasso:
705 511 878 600 'quanquam
897 519 1075 582 Parnassum
1094 529 1125 580 et
1141 519 1319 578 Heliconem

105 627 198 666 unum
213 617 243 666 et
255 608 381 668 eundem
393 618 526 668 montem
539 609 607 668 vult
619 627 683 690 esso
698 600 832 684 Servius,
853 628 871 665 a
889 625 950 686 quo
966 605 1018 664 stit
1033 603 1224 666 dissentiunt.
1257 605 1319 664 Ca·

105 693 221 752 staliam
237 693 343 754 urbem
358 693 479 754 Ciliciae
496 702 635 756 numerat
649 689 838 772 Stephanus,
860 713 876 750 a
895 711 956 772 qua
977 690 1028 750 alii
1049 691 1163 752 fontem
1182 689 1321 750 eiusdem

104 777 233 837 nominis
245 778 359 862 dictupr
374 800 437 840 esse
454 780 578 853 volunt,
600 779 651 838 alii
662 779 694 837 in
707 777 802 858 Lycia
819 797 884 838 esso
902 776 1110 838 tradiderunt:
1134 795 1233 836 meum
1254 795 1321 857 non

106 866 151 924 est
171 861 251 922 hanc
267 865 505 925 controversiam
520 864 699 927 diiudicare.⁴
949 877 954 888 ’
1169 896 1173 909 ›

189 953 242 1014 61.
260 948 399 1031 narra]
422 951 587 1032 praeseutia
600 959 710 1032 temp,
731 949 848 1028 ut'sup.
866 945 924 1012 od.
940 965 988 1009 m.
1002 947 1055 1008 lib.
1076 953 1106 1014 2.
1120 945 1165 1027 [r.
1181 943 1242 1024 18·]
1249 946 1321 1030 flu·

109 1053 164 1093 vus
177 1055 267 1115 qaam
284 1033 399 1095 'liberis
414 1031 497 1096 Iouis.

189 1123 242 1184 62.
262 1121 422 1193 Carpere
445 1118 632 1201 sonoros]
654 1139 768 1200 passos,
788 1115 922 1178 humeris
938 1133 1070 1198 sparsos,
1091 1137 1151 1177 non
1173 1115 1320 1178 collectos

106 1203 138 1262 in
155 1203 274 1266 nodum·
285 1217 336 1266 ant
349 1205 500 1284 religatos.
543 1207 606 1282 (Sio
620 1206 679 1267 Od.
696 1225 726 1268 v.
748 1204 798 1271 lib.
813 1211 843 1271 2.
866 1203 943 1284 [fin]
963 1201 1068 1264 solutis
1084 1198 1224 1265 Crinibus
1244 1222 1321 1258 om-

107 1286 251 1371 lignoque
276 1287 392 1370 ναίειν.)
451 1291 555 1366 [Ηεεα
574 1291 669 1354 rerba
691 1309 769 1372 quae
789 1289 907 1362 inclusa
932 1297 1004 1350 sunt
1028 1307 1090 1350 uon
1113 1287 1256 1365 leguntur
1285 1284 1320 1343 in

106 1373 177 1438 edu.
216 1384 272 1437 ost.

190 1375 533 1532 insinuansque
559 1465 672 1538 saon]
693 1459 725 1519 in'
743 1478 805 1541 qua
825 1467 916 1541 uatus
934 1455 1106 1537 ests'quao
1122 1465 1169 1518 est
1189 1454 1220 1515 in
1241 1453 1318 1518 Delo

106 1543 216 1604 insula.
296 1579 325 1606 ,·
990 1567 991 1574 ¹
1194 1561 1203 1572 ·

191 1632 242 1696 64.
265 1631 482 1711 Personas]
505 1629 657 1708 ahtana,
680 1629 758 1691 urbe
777 1627 903 1710 Lyciae,
928 1626 982 1687 ubi
1000 1625 1063 1687 adit
1077 1625 1211 1688 oracula.

191 1716 243 1780 65.
265 1715 339 1776 Vrs'
350 1737 490 1778 sorren.
500 1737 518 1774 ι·
532 1715 685 1795 sursus]
695 1715 828 1776 'videtur
842 1735 884 1800 εξ
896 1712 1028 1774 Pindaro
1046 1711 1124 1770 hano
1140 1709 1319 1772 sententiam

107 1801 305 1878 expressisses
320 1797 402 1882 'ordo
425 1802 585 1861 verborum
601 1811 718 1862 tantum
736 1799 819 1881 apud
834 1799 939 1860 Horat.
959 1807 1005 1858 eat
1023 1798 1209 1858 immutatus.
1246 1795 1319 1856 Pin-

32 1897 35 1904 '
107 1883 199 1944 darno
216 1885 296 1944 eninr
309 1878 496 1967 prioreloco
511 1888 686 1947 sententiam
699 1887 805 1968 ponit,
827 1885 936 1944 deinde
958 1883 1096 1962 exempla
1117 1881 1248 1942 subiicit.
1272 1880 1320 1940 sie

63 2033 66 2044 ,
98 1969 192 2031 ΙΡὶαᾶ.
209 1969 298 2050 Pyth.
315 1973 368 2036 elsi.
388 1965 427 2053 η’.
453 1971 494 2052 [v.
511 1971 574 2050 ln]
610 1974 669 2034 Βία
688 1969 721 2034 δὲ
736 1969 786 2033 sol
804 1965 991 2054 μεγάλαυχον
1007 1967 1137 2047 ἔσφαλεν
1160 1967 1194 2030 ἐν
1209 1960 1318 2051 χρόνῳ.

113 2050 222 2134 Tarpeia
236 2058 324 2138 Kll‘i
337 2039 547 2140 πολυκίρανος
564 2053 604 2120 οίί
620 2081 673 2136 μιν
687 2053 812 2133 ίίίυξεν,
829 2050 901 2118 nist
916 2051 977 2135 μείν
989 2049 1132 2135 passienis
1146 2049 1316 2134 Πγαίντων·

90 2143 239 2216 *Δμαῖθεν
251 2137 285 2202 δὲ
296 2145 448 2226 κεραυνῷ,
475 2137 595 2217 Τόξρισί
610 2135 640 2202 s’
655 2135 850 2217 Ἀπόλλωνος,
872 2140 905 2198 id
920 2149 985 2213 eet,
1006 2139 1053 2198 vis
1066 2139 1154 2198 etiam
1170 2155 1247 2212 euna,
1265 2134 1319 2215 qui

108 2223 266 2300 gloriatur,
288 2247 320 2285 se
341 2226 450 2288 ceteris
463 2236 631 2306 praestare,
652 2225 817 2305 percellere
833 2223 919 2282 solet.
957 2219 1121 2299 Typhoeus
1136 2221 1319 2314 Cilixvnsul·

107 2315 207 2364 torum
225 2312 358 2384 capitum
378 2328 443 2367 eam
458 2331 520 2370 non
534 2309 654 2387 effugit,
676 2329 775 2388 neque
788 2327 845 2367 rex
858 2305 1009 2385 gigantum
1023 2304 1215 2386 Porphyrion
1242 2305 1318 2365 Nous

65 2403 71 2416 ‘
108 2388 184 2450 alter
198 2389 322 2450 fulmine
337 2392 499 2467 irtuseet,
521 2393 650 2454 alterum
666 2394 782 2472 sagittis
799 2393 909 2472 Apollo
926 2389 1059 2450 confixit.
1096 2391 1194 2462 Etiam
1209 2389 1317 2460 Nestor

108 2473 189 2554 apud
203 2473 290 2534 llom.
307 2472 396 2539 enit.
412 2470 455 2556 ψ’.
474 2477 578 2555 docet,
601 2499 720 2538 ornnem
743 2480 805 2538 sere
823 2477 1037 2556 praestantiam
1058 2484 1150 2554 atque
1170 2477 1317 2536 excellen-
1367 2523 1371 2532 .

107 2559 180 2618 tiam
194 2560 226 2620 in
242 2561 356 2622 ratione
375 2571 405 2621 et
420 2563 547 2622 consilio
562 2561 682 2640 potius,
704 2557 793 2640 quam
806 2561 838 2618 in
855 2561 972 2622 viribus
995 2561 1150 2640 corporis,
1172 2581 1236 2622 esso
1252 2581 1318 2641 po·-

108 2644 212 2716 sitam‚
234 2646 394 2724 omniaque
408 2647 515 2704 melius
528 2645 672 2722 consilio,
695 2665 784 2724 quam
804 2645 937 2723 viribus,
961 2645 1118 2738 explicari.
1132 2645 1179 2706 sio
1195 2645 1316 2718 Nestor,

109 2733 149 2802 [ν.
164 2734 227 2794 817
246 2728 333 2830 sqq.]
359 2724 448 2808 Μήτι
467 2753 512 2792 τοι
533 2725 682 2812 δρήιομας
701 2725 772 2812 μέγ’
790 2723 938 2809 είμείνων,
960 2725 997 2811 ήὲ
1019 2733 1146 2818 pipern·
1170 2726 1260 2812 Μήτι
1282 2727 1316 2794 δ’

109 2804 181 2876 αὖτε
195 2815 382 2896 κυβερνήτης
401 2813 448 2876 ἐνί
465 2813 569 2877 οίνοιιι
579 2810 682 2900 πόντῳ
698 2820 771 2896 Νῆα
784 2811 869 2896 θοήν
887 2811 1008 2893 ἰθύνει,
1029 2814 1231 2900 ἐρεχθομένην
1251 2810 1318 2881 riri-

110 2913 227 2978 μοισιν·
252 2893 341 2979 Μήτι
363 2891 395 2961 δ’
408 2896 532 2980 ήνίοχος
546 2901 747 2986 περιγίγνεται
764 2897 908 2982 ήνιίιχοιο.
931 2901 1040 2973 idest,
1062 2902 1193 2962 Consilio
1216 2912 1245 2963 et
1264 2923 1317 2964 ra-

107 2985 191 3044 tione
207 2983 297 3062 longe
316 2994 450 3064 praestat
471 2985 618 3062 lignator,
641 3005 729 3064 quam
750 2983 883 3046 viribus:
907 2985 1032 3048 coneilio
1053 2987 1236 3066 gubernator
1258 3009 1317 3048 ns-

111 3091 177 3129 rem
194 3069 270 3147 regit
285 3069 473 3148 otgubernat
485 3072 586 3136 ventis
597 3071 751 3150 agitatam:
776 3073 902 3132 consilio
917 3073 1020 3150 auriga
1035 3073 1317 3154 nurigaorsuperat.

108 3156 154 3215 sio
169 3163 199 3216 et
214 3153 369 3234 Oppianus
390 3155 443 3214 lib.
460 3157 489 3221 5.
514 3153 623 3219 είίιευτ.
647 3157 706 3234 ait,
726 3177 824 3236 neque
844 3177 884 3218 ex
903 3157 1020 3235 viribus
1041 3161 1196 3240 corporis,
1218 3179 1316 3240 neque
1345 3213 1349 3220 ,

110 3261 149 3300 ex
172 3239 397 3320 pulchritudine
414 3250 531 3301 tanturn
557 3243 703 3318 utilitatisx
713 3243 885 3322 proficisci,
907 3252 1053 3323 quantum
1076 3266 1115 3304 ex
1136 3246 1263 3305 consilio
1286 3253 1317 3308 et

108 3325 280 3407 prudentia,
298 3325 448 3406 vireisque
460 3327 594 3408 corporis
610 3328 726 3388 consilii
741 3327 894 3408 ,experteis
912 3348 976 3390 esse
991 3329 1125 3390 inutilois
1147 3341 1176 3390 et
1190 3330 1315 3410 inaneis,

111 3411 153 3494 [v.
168 3408 235 3494 94]
249 3409 302 3486 Ὡς
315 3404 379 3473 oiin'
396 3405 545 3518 ρ’νορέης,
567 3409 622 3476 oiir
637 3413 731 3489 είδεος
751 3404 850 3476 ἔπλετ’
869 3409 970 3498 ὄνειαρ
983 3403 1122 3506 κΤίασαν,
1145 3410 1220 3479 ὅσον
1242 3440 1317 3498 πρα-

109 3499 226 3573 attor,
248 3490 326 3574 αίλκή
342 3491 374 3560 δ’
391 3491 557 3580 ανεμείίιος
570 3493 689 3582 ίίφρων.
733 3499 798 3562 Καί
811 3521 843 3562 τε
863 3497 939 3582 μέγα
960 3495 1115 3584 riparium
1128 3500 1315 3584 κατέσβεσεν,

109 3575 165 3666 ἠδ’
183 3575 643 3664 ἔσαίορσεΒαιόςιίνήρεῦμητις.
900 3655 904 3664 ,
984 3593 988 3601 ‘
1153 3585 1159 3602 ‘

147 3727 151 3739 s
194 3671 245 3734 66.
267 3667 342 3727 Vsu
367 3668 656 3749 asursnsrsss]
680 3667 807 3730 oonsilio
821 3669 1150 3737 etratiouadireetsna.

195 3757 245 3821 68.
273 3752 405 3813 Ansaso
436 3755 684 3840 uorsursas]
721 3755 822 3816 auimo
845 3755 1020 3836 agitantsis,
1049 3757 1235 3838 cogitanteis.
1263 3777 1314 3820 mo

99 3860 159 3900 nno
179 3839 345 3918 complosio
361 3837 554 3918 syllabarum.
960 3886 962 3900 .
1247 3914 1254 3924 „

195 3927 246 3990 69.
269 3925 526 3990 Cenomanos
548 3922 674 4005 Grae]
698 3924 778 3984 alias
788 3925 973 3988 centimanus
988 3928 1099 4009 Gyges,
1113 3939 1149 3990 ut
1162 3927 1222 3990 Od.
1234 3949 1312 3992 κιαι.

106 4009 162 4080 lib.
178 4015 208 4078 2.
227 4013 267 4083 [v.
284 4011 349 4086 14.]
370 4011 425 4071 sed
441 4011 492 4071 ills
506 4013 655 4091 scriptura
671 4012 784 4071 reiecta
796 4011 877 4072 hanc
896 4013 1065 4094 sequimur:
1080 4015 1110 4075 al
1127 4011 1231 4098 Gs'gos.

197 4101 251 4160 70.
274 4096 494 4176 lunenses]
521 4107 636 4176 castae,
659 4101 804 4171 intactae,
825 4098 960 4176 virginis.
993 4107 995 4110 ’

196 4183 248 4246 Μ.
270 4183 483 4243 Tarannon
504 4183 626 4242 Oaros
648 4183 818 4263 Dssnps]
844 4184 915 4244 ride
935 4193 1036 4248 annot.
1057 4185 1096 4248 ad
1118 4185 1312 4250 0d.xxv1n.

113 4267 165 4330 lib.
184 4273 210 4332 t.
235 4267 288 4326 Ter
312 4281 422 4345 osorem
437 4277 535 4330 sutem
550 4267 645 4346 dixit,
666 4279 702 4352 ut
716 4269 824 4349 Graeci
842 4265 1025 4354 πειρασιήν,
1049 4266 1132 4356 nupsi
1145 4267 1180 4334 ni
1193 4273 1313 4357 πειρᾷν.

194 4357 246 4418 72.
302 4353 471 4434 auarus]
494 4355 613 4434 inpete,
635 4365 795 4436 superatus
807 4363 840 4414 at
853 4357 1021 4422 'confossus

196 4441 248 4505 73.
270 4435 376 4518 Susa]
396 4457 436 4500 ex
459 4437 492 4500 sle
515 4439 604 4502 natis.
626 4459 692 4526 sup.
711 4436 772 4503 0d.
787 4461 844 4504 ιιι.
863 4439 916 4504 lib.
937 4447 968 4510 2.
990 4441 1030 4520 [v.
1047 4441 1090 4524 7.]
1118 4436 1247 4504 Telluris
1266 4441 1314 4502 is-

112 4546 194 4584 velle!

1164 4757 1173 4790 l
