2894 5052
434 306 785 380 stanneum:
818 313 1003 393 v.9-21.
1059 307 1117 342 '¹
1255 318 1319 386 aaa

1 435 2 466 η
596 465 598 472 y
654 455 656 462 χ
874 449 877 456 ,

1 505 2 566 j
116 478 330 560 Adiunguntur
353 487 385 540 et
403 479 525 562 lynces,
552 481 815 562 quastsigniticant
834 481 934 544 varim
955 493 986 544 et
1007 483 1172 548 multumd

117 567 198 628 inter
211 566 411 648 sebomiuum
423 561 544 628 naturis
562 587 597 626 sc
611 563 736 628 menteis
750 569 821 627 vino
837 569 961 648 aperiri:
981 570 1072 646 immo
1086 572 1216 632 fortasse
1230 573 1323 638 unius

119 661 151 712 et
165 651 298 712 eiusdem
317 651 447 711 bominis
470 653 619 730 ingenium
637 654 771 729 varium,
793 655 954 734 multiplex
961 699 979 730 „
992 655 1151 715 subdolum
1171 657 1243 716 vino
1265 658 1323 717 do·
1348 705 1352 722 .

118 737 243 812 mitum,
261 737 512 818 simplicissimum
535 747 564 798 at
588 739 776 814 verissimum
795 729 868 802 fieri.
911 741 1048 820 Propert.
1072 742 1122 804 lib.
1139 745 1167 807 5.
1195 742 1258 830 [17η
1277 741 1321 822 8.]
1414 740 1418 750 ’

116 819 273 904 Lyncidae
296 825 328 883 in
350 819 464 885 coelam
484 837 568 890 uecta
586 822 730 886 Ariadna
754 825 823 887 tais.
846 824 950 885 eadem
971 825 1088 888 ratione
1108 828 1324 906 iunguntur·et
1348 811 1353 847 ‘
1384 839 1389 844 '

1 901 2 910 ’
44 961 48 968 .
115 907 215 988 pardi.

207 997 256 1059 16.
280 990 431 1055 Maurus
451 993 579 1074 nonas]
607 993 715 1070 idest,
736 993 826 1057 bellis
843 995 980 1074 gerendis
995 1016 1048 1055 seu
1064 1007 1128 1056 arte
1140 997 1272 1058 militati.

207 1083 258 1146 16.
279 1080 519 1140 Acarnanas
540 1085 674 1154 ructu]
697 1081 946 1142 immortalitatem
967 1091 1147 1142 consecutus
1163 1093 1216 1143 est.
1245 1121 1248 1129 ,

206 1169 257 1229 17.
281 1165 448 1226 Gnarum
467 1165 644 1226 boccona
667 1185 994 1226 concinnemus
1016 1167 1090 1246 eto]
1122 1169 1235 1228 lunone
1256 1167 1326 1247 pla-

123 1257 206 1324 cata,
220 1251 483 1313 orationalibarali
496 1259 526 1310 et
541 1251 600 1312 leui
617 1251 760 1312 aluuone
776 1250 887 1329 habita,
901 1271 959 1333 qua
974 1253 1169 1331 signiticaret,
1192 1274 1224 1312 se
1240 1273 1326 1332 prae-

120 1335 225 1394 teritas
247 1335 423 1396 offensiones
440 1347 529 1415 atqua
547 1337 718 1396 inimicitias
741 1357 779 1397 ex
798 1339 898 1397 animo
925 1339 1092 1417 deponere,
1115 1339 1274 1406 Romulum
1294 1339 1326 1396 in

122 1419 259 1479 ordinem
275 1441 310 1480 ac
324 1433 442 1498 coetum
460 1423 589 1482 Deorum
603 1421 768 1493 admittere,
787 1423 928 1482 Romanis
944 1425 975 1482 in
992 1435 1146 1502 posterum
1158 1405 1326 1498 'fauturum

122 1513 176 1563 aut
195 1515 277 1564 certe
297 1527 358 1568 non
384 1507 579 1588 obstiturum,
602 1508 761 1588 quominus
777 1508 893 1588 imperii
916 1509 963 1568 sui
978 1509 1062 1568 lineis
1080 1527 1167 1590 quam
1184 1509 1327 1568 latissima

119 1591 276 1668 proterant
291 1613 326 1651 ac
340 1602 520 1674 propagent,
542 1593 705 1654 dummodo
720 1613 759 1655 ne
775 1595 894 1657 Troiam
909 1593 946 1654 de
959 1597 1077 1674 integro
1091 1595 1223 1654 condere
1235 1601 1327 1654 etra-

55 1737 58 1744 ,
115 1693 227 1754 parare
244 1688 399 1740 conentur.

197 1767 259 1827 ‘tn
288 1765 621 1836 u'orsrursnrraus
647 1762 778 1843 llrvrs]
807 1764 1062 1841 consultantibus,
1086 1763 1243 1824 consilium
1264 1761 1328 1822 ba-

120 1843 271 1908 benlibus.
315 1849 393 1910 Usus
405 1860 449 1910 est
462 1847 522 1910 hoc
538 1850 630 1910 verbo
647 1859 676 1910 et
691 1849 778 1928 epist.
801 1849 838 1908 ad
855 1850 993 1928 Pisones,
1013 1856 1055 1924 [v.
1074 1849 1157 1930 196]
1199 1847 1259 1909 Ille
1275 1847 1327 1908 bo·

122 1931 169 1988 nis
180 1929 348 2014 fumatque
360 1949 388 1994 et
409 1933 578 1995 consilietur
601 1937 703 1994 amice.
724 1943 754 1992 et
767 1933 807 1996 M.
824 1935 904 1998 Tull.
925 1935 980 1996 tit.
1001 1939 1049 2002 15.
1072 1937 1159 2016 epist.
1181 1934 1221 1994 ad
1234 1934 1326 1994 attic.

123 2014 211 2094 epist.
229 2021 278 2080 10.
301 2015 424 2102 difficili
438 2017 480 2076 ad
495 2016 711 2082 consiliandum
728 2015 881 2098 legatione.
1092 2023 1096 2030 “

211 2107 261 2168 18.
284 2101 415 2180 Iason,
434 2102 568 2183 Istron]
591 2104 628 2162 ab
649 2103 799 2162 hocloco
824 2104 946 2164 lunonis
969 2106 1066 2168 oratio
1089 2105 1208 2166 initium
1232 2103 1325 2183 cepit.
1431 2175 1438 2190 ι

123 2181 205 2246 Haec
219 2193 319 2248 autem
333 2189 461 2249 nominis
472 2189 594 2275 iteratio,
607 2188 745 2248 allectum
760 2189 850 2248 animi
869 2189 1001 2254 declarat
1016 2201 1106 2270 atque
1122 2189 1275 2270 exprimit.
1342 2227 1345 2234 ·

211 2275 260 2336 19.
282 2272 453 2334 Faranrs
474 2293 621 2332 incuss.
645 2293 718 2342 ons
740 2293 816 2336 auu.
840 2275 889 2337 Er
911 2295 998 2334 uun.
1022 2295 1155 2337 rasse.
1176 2274 1219 2352 v.]
1242 2273 1337 2358 Paris,

125 2364 156 2416 et
168 2353 280 2416 Helena
295 2359 420 2420 exscidii
434 2359 555 2418 Troiani
577 2377 702 2418 eausam
718 2358 874 2417 sustinent.
888 2357 1006 2444 fatalis
1028 2368 1144 2431 autem,
1166 2358 1200 2418 id
1224 2367 1286 2432 est,
1300 2345 1328 2416 *a

123 2441 194 2500 fatis
210 2443 310 2504 datus.
327 2446 372 2506 sic
384 2465 477 2526 supra
493 2443 682 2506 ouxxxvu.
695 2441 763 2502 libr.
778 2450 811 2508 t..
821 2441 862 2522 [v.
871 2443 936 2523 20.]
954 2441 1037 2504 daret
1052 2459 1083 2504 ut
1098 2443 1207 2506 catenis
1220 2439 1328 2502 Fatale

122 2541 294 2588 monstrum.

210 2617 262 2678 20.
286 2612 436 2674 Vuurrr
459 2615 497 2676 lrt
518 2611 741 2692 aununtiate]
754 2607 907 2694 ηἰιάθσνε,
923 2632 984 2692 quo
999 2613 1093 2672 verbo
1109 2631 1183 2671 usus
1204 2620 1250 2679 eat
1265 2607 1328 2670 Ho-

1 2753 2 2778 ,
126 2715 200 2756 ruer.
218 2699 255 2759 tt.
277 2691 306 2760 s'·
329 2698 371 2778 [v.
387 2700 471 2779 593]
492 2695 582 2764 πόλιν
606 2699 639 2762 di
657 2722 687 2763 τι
706 2703 767 2780 πῦρ
783 2693 945 2782 ἀμαθύνει.
967 2696 998 2760 id
1022 2708 1083 2773 est,
1105 2697 1210 2760 urbem
1228 2705 1332 2756 autem«

1 2797 2 2804 ’
124 2782 430 2863 igniainpulversm
456 2786 635 2845 etcinerem
657 2785 755 2844 vertit.
777 2783 881 2846 Horat.
903 2762 1326 2866 epist.16.lib.‘1.sp.38.]
1399 2764 1406 2784 Χ

128 2866 281 2968 Quicquid
293 2884 356 2929 erat
372 2884 478 2931 nactus
495 2867 626 2954 praedat
644 2870 766 2932 maioris
774 2913 783 2946 ,
805 2868 856 2929 ubi
869 2890 953 2930 omne
972 2867 1108 2930 Verterat
1122 2865 1285 2952 insumam
1299 2879 1328 2929 et

125 2975 264 3103 “wa
284 3011 343 3098 'Fa-x
364 3059 439 3108 ouo
460 3059 604 3102 nsarrr.
625 3040 727 3100 Deos
748 3037 883 3122 illunc]
907 3038 944 3098 ab
962 3057 998 3100 co
1013 3048 1161 3118 tempore,
1176 3057 1236 3118 quo
1253 3038 1329 3112 Lao-

53 3163 57 3172 ·
128 3121 237 3184 madon
252 3125 329 3184 Deos
345 3125 498 3186 fraudavit
512 3135 615 3206 pocta,
636 3125 749 3199 idest,
770 3126 917 3204 promissa
935 3123 1091 3198 mercede,
1115 3143 1169 3183 seu
1182 3143 1243 3182 nou
1257 3143 1329 3206 per·
1368 3172 1370 3180 .

127 3209 219 3268 s'olvit
234 3219 352 3289 pactam
364 3211 548 3288 mercedem,
571 3221 601 3270 at
615 3212 656 3270 its
670 3211 757 3270 iidem
774 3209 889 3270 fefellit.
932 3211 1006 3270 Nem
1023 3203 1099 3273 liaeo
1114 3209 1163 3268 vis
1179 3217 1223 3267 est
1243 3205 1331 3266 verbi
1405 3237 1407 3242 .

128 3291 268 3354 destituit.
312 3296 370 3356 Sed
385 3315 462 3373 quaa
476 3299 553 3357 Deos
570 3297 708 3368 destituit
722 3295 915 3356 Laomedon?
949 3295 1122 3376 Neptunum
1144 3303 1174 3354 et
1186 3293 1331 3373 Appolli-

1 3387 2 3462 η
126 3399 204 3439 nem.
234 3379 271 3438 Hi
290 3381 366 3440 enim
379 3381 459 3440 lovis
474 3382 555 3440 iussu
575 3381 766 3440 Laomedonti
786 3401 855 3440 sues
869 3399 974 3461 operas
988 3377 1126 3441 mercede
1140 3381 1276 3438 locarant
1291 3371 1331 3438 ud

2 3515 3 3538 3
126 3485 230 3524 mutua
247 3465 391 3525 Troianos
412 3465 615 3538 exstruendus.
659 3469 699 3526 tlt
717 3465 888 3526 Laomedon
909 3465 1045 3546 perlecto
1066 3486 1157 3546 opere
1174 3463 1330 3540 crurisque

123 3550 262 3642 lanienis
275 3551 313 3609 ad
326 3549 434 3610 iustam
450 3553 636 3612 altitudinem
652 3551 807 3631 perductis
820 3550 907 3610 fidem
923 3569 984 3614 uon
998 3551 1139 3626 servavit,
1161 3569 1259 3628 neque
1274 3569 1329 3628 ps-

2 3647 3 3714 ,
91 3695 96 3710 ,
129 3645 208 3696 etam
222 3633 391 3695 mercedem
407 3637 571 3740 persolvit,
595 3637 667 3716 quin
688 3655 739 3696 eos
757 3637 798 3696 ito
816 3637 972 3696 fraudatos
985 3635 1076 3695 Troia
1092 3635 1218 3716 expulit.
1238 3633 1276 3693 de
1294 3653 1329 3692 ra

127 3719 249 3781 Homer.
272 3721 361 3783 ittet.
384 3744 434 3799 φ.,
457 3722 509 3781 ubi
531 3723 574 3782 sic
587 3723 744 3802 Neptunus
761 3721 910 3802 Apollini,
934 3721 975 3800 [v.
991 3721 1075 3802 442]
1093 3721 1249 3802 Μέμνησο,
1272 3713 1329 3782 iau

129 3803 168 3886 dei
184 3799 334 3883 πάθομεν
347 3803 425 3868 suad
437 3801 530 3870 Ἴλιόν
544 3799 640 3888 cippi,
664 3811 791 3870 Morinos
805 3811 864 3870 vait·
878 3809 977 3886 desis,
1001 3801 1049 3872 ὅτ’
1067 3802 1198 3889 ciprinum
1209 3801 1328 3884 Λαομέ-

2 3973 3 3980 ,
129 3891 213 3954 δσντι
230 3885 393 3974 ΠιῖριΔιὸς
413 3886 555 3967 ἐλθόντες
576 3885 767 3972 θητεύσαμεν
782 3893 824 3966 εἰς
847 3888 1001 3966 ἐνιαυτὸν,
1023 3899 1146 3978 Μισθῷ
1167 3893 1215 3956 ἔπι
1237 3891 1330 3973 ῥητῷ.

132 3977 311 4056 Quanquam
326 3996 363 4034 ex
378 3976 432 4054 iis,
456 3999 532 4058 quaa
550 3977 690 4058 deinceps
711 3988 880 4060 sequuntur
895 3977 974 4060 apud
989 3977 1168 4058 Homerum,
1193 3983 1328 4056 apparet,

129 4063 226 4122 solum
243 4063 414 4142 Neptunum
431 4063 464 4122 in
483 4063 578 4124 muris
597 4061 733 4122 Troianis
752 4061 896 4124 ducendis
915 4083 1037 4145 operam
1056 4062 1330 4123 Laomedontius*

129 4167 230 4223 vasse,
247 4147 417 4227 Apollinem
431 4159 529 4210 autem
542 4150 605 4208 eius
618 4149 711 4208 boves
726 4149 900 4212 custodisse.
940 4149 990 4209 Sic
1006 4149 1084 4209 enim
1096 4133 1245 4209 Homerus
1263 4146 1329 4204 ibi-0
1383 4211 1387 4220 ¹

131 4232 210 4309 dem,
226 4235 270 4306 [v.
287 4231 372 4312 ild]
388 4229 476 4296 Ἤτοι
489 4229 546 4316 lyei
564 4228 696 4320 Τρώεσσι
706 4228 798 4301 πόλιν
812 4233 865 4298 καλ
877 4239 972 4315 τεῖχος
987 4233 1105 4317 ἔδειμα,
1126 4229 1261 4315 Erindes
1276 4229 1328 4292 καὶ
1347 4255 1350 4262 ’
1392 4233 1399 4243 “

128 4311 209 4398 μάλα
233 4311 342 4394 auido,
370 4311 410 4381 ἵν’
433 4313 583 4401 ι’λρῤηιιτος
608 4313 693 4393 πόλις
714 4319 777 4400 εἴη·
802 4321 911 4401 Φοῖβε,
934 4317 972 4384 ud
998 4315 1035 4384 δ’·
1050 4318 1215 4400 ελλλποδσο
1230 4317 1329 4391 ἕλικας

128 4406 204 4484 βοῦς
216 4401 523 4484 βουκολέεσκες-Ἴδης
538 4403 571 4468 ἐν
584 4409 728 4484 κνημοῖσι
739 4400 932 4486 πολυπτύχου
952 4403 1107 4485 ιλληέσσης.
1129 4405 1161 4465 id
1182 4404 1242 4479 est',
1262 4403 1328 4480 Ego

128 4487 249 4566 quidem
262 4487 398 4548 Troianis
411 4489 516 4550 urbem
533 4499 563 4550 at
574 4509 692 4550 murum
709 4491 810 4550 struxi
830 4491 922 4552 latum
939 4501 967 4553 ct
978 4493 1187 4572 praeclarum,
1208 4499 1244 4550 ut
1253 4489 1328 4549 urbs

118 4573 369 4654 mullsui·srangi
383 4584 508 4662 posset.
537 4577 583 4638 'lu
600 4575 690 4653 iero,
707 4573 846 4652 Phoebe,
868 4577 962 4638 buvet
985 4579 1127 4658 poscebas
1143 4577 1175 4636 in
1198 4575 1327 4636 collibus
