2874 5050
148 271 213 338 aaa
247 335 254 348 ,
523 209 978 326 consenciamus.

149 435 242 498 toties
253 414 315 495 iam
330 435 362 494 in
381 433 466 494 ltalia
479 431 640 507 victorem,
656 449 745 510 quam
765 429 911 510 plurimos
924 427 1140 508 Karthaginem
1154 425 1275 488 misisse
1290 445 1350 485 aaa·

149 543 219 585 rum
241 513 438 582 uictoriarum
460 519 590 578 nuntios.
641 517 728 576 Nunc
751 517 846 593 igitur
866 514 924 590 ait,
946 511 1140 592 Annibalem,
1161 521 1251 572 tanta
1278 512 1352 570 clade

150 615 275 687 accepta
297 615 328 666 at
345 603 513 665 Asdrubale
536 601 656 678 accho,
679 600 866 677 desiturum,
888 598 926 659 (la
945 621 977 660 aa
1000 598 1128 682 posthac
1149 607 1212 658 tam
1231 597 1353 677 gloriosa

151 703 183 754 at
204 691 335 752 acribsra
356 699 385 750 et
407 689 605 772 praedicares·
623 686 673 747 val
697 695 759 746 tam
779 685 928 768 superbos
943 683 982 746 de
1004 685 1066 746 suis
1081 684 1219 746 victoriis
1238 683 1354 742 nuntios

152 777 281 838 mittere.
689 812 693 829 ·

237 867 288 926 70.
313 877 485 930 auctoru,
509 877 665 919 oeesorr
688 859 779 916 Srss
802 859 939 930 onnes]
960 853 1137 936 spesomnis
1153 851 1293 933 praecisa
1310 861 1355 926 est,
1397 881 1398 928 l

153 966 221 1028 apes
232 945 334 1006 omnia
347 945 471 1004 interiit.
515 945 565 1004 Sic
581 945 703 1004 Plautus
719 941 846 1001 hlaatcll.
864 939 959 1022 [n‚·t,
976 940 1020 1020 8.]
1036 935 1149 1000 occidit
1168 959 1237 1019 apes
1252 951 1356 996 namra.
1397 929 1398 942 ¹

153 1031 221 1100 Hoc
243 1031 284 1091 ad
301 1029 456 1088 historiam
478 1029 669 1108 reses-endum
690 1037 745 1088 eat.
779 1027 921 1100 ¹Narrant
940 1027 1016 1084 enim
1042 1023 1195 1096 historici,
1219 1021 1357 1082 annus-

153 1117 230 1192 lem,
253 1114 428 1176 Asdrubalis
442 1115 541 1194 capite
562 1123 701 1194 sanante,
724 1133 772 1174 rea
791 1109 1086 1190 Karthaginienaimn
1102 1109 1301 1190 desperatae,
1322 1106 1358 1163 sie
1397 1149 1398 1154 1

157 1201 311 1276 locutum,
332 1220 461 1280 agnosco
481 1213 515 1275 te,
535 1195 734 1278 Karthaginis
743 1195 881 1280 fortuna.
1007 1211 1009 1218 ’
1397 1179 1398 1252 i

130 1333 136 1347 .
240 1291 292 1352 78.
315 1284 571 1364 rsnrresenr]
594 1284 637 1342 sie
656 1283 767 1341 habent
781 1283 904 1341 codices
922 1287 953 1346 2.
974 1279 1073 1340 Vatis.
1088 1277 1175 1338 lano.
1188 1277 1281 1338 Febr.
1302 1275 1357 1333 Urs.

155 1369 263 1430 Tarm:
285 1370 366 1446 vulg.
384 1369 528 1453 efficiente
553 1367 689 1427 nonnulli
706 1369 794 1428 stiam
811 1361 958 1430 manuscr,
971 1365 1140 1446 perficiant,
1163 1363 1249 1443 quod
1269 1381 1301 1420 se
1314 1379 1355 1418 rs·

156 1457 270 1538 perissa
285 1453 317 1512 iu
334 1453 400 1512 aliis
414 1453 499 1514 lihr'ia
512 1455 583 1512 hare
598 1471 746 1514 manuscr.
761 1461 889 1512 testatur
903 1462 933 1513 et
945 1451 994 1512 vir
1012 1449 1121 1510 doctus
1133 1449 1194 1510 lae.
1210 1446 1359 1526 emaum
1397 1471 1398 1506 1

156 1539 323 1600 Mescinius.
1397 1539 1398 1560 ¹

234 1619 291 1690 ¹75.
315 1614 437 1682 cunas
457 1621 649 1706 saoacss}
670 1621 823 1700 diligentia
846 1629 882 1682 et
899 1639 972 1680 eura
990 1613 1059 1680 eum
1073 1617 1191 1698 iugenio
1211 1625 1245 1678 et
1267 1612 1358 1676 cann-

89 1773 92 1782 ,
156 1708 199 1770 lio
220 1708 392 1769 coniuncta.
1000 1735 1007 1771 i

242 1799 294 1860 76.
316 1787 568 1874 Exreusunr]
590 1789 765 1872 expeditum
787 1789 928 1850 reddunt.
950 1789 1023 1850 (lant
1042 1789 1071 1850 ei
1091 1787 1270 1848 facultatem
1291 1803 1358 1842 eva·
1397 1775 1398 1844 l

159 1878 250 1941 dandi
269 1887 300 1938 et
320 1876 469 1941 vincendi.
493 1879 537 1936 sic
558 1877 636 1954 Virg.
659 1875 709 1934 lib.
733 1881 763 1942 2.
789 1873 909 1935 Aeneid.
935 1875 977 1956 [v.
992 1879 1055 1942 632
1070 1872 1127 1954 sq.]
1149 1866 1308 1934 Descende
1327 1887 1359 1924 aa

161 1962 282 2035 ducents
299 1962 362 2022 Deo
372 1964 527 2042 flammam
544 1963 619 2020 inter
633 1975 660 2019 et
675 1959 782 2020 lacteis
798 1957 961 2040 Expeditae.
1182 1985 1189 1992 ·

245 2053 299 2114 76.
320 2067 393 2108 esa
407 2063 433 2105 'a
444 2067 460 2105 c
470 2067 541 2105 urs
563 2047 693 2122 aanor]
718 2063 786 2104 cum
801 2045 968 2119 llugolinus
980 2043 1146 2106 llartelliua
1160 2036 1356 2104 Florentium,

160 2131 210 2191 vir
225 2131 434 2208 doctissimus,
458 2131 609 2190 Laurentii
624 2129 750 2189 Stramii
770 2129 934 2190 cardinalis
949 2130 1112 2204 familiaris,
1129 2147 1174 2187 me
1190 2123 1357 2186 admonuis-

112 2210 119 2225 '
161 2224 222 2294 act,
245 2215 287 2274 ita
310 2215 456 2295 scriptum
473 2233 536 2274 essa
554 2215 586 2274 iu
603 2214 707 2274 codice
725 2214 855 2294 quodam
872 2217 1096 2296 manuacn'pto‚
1118 2233 1179 2272 nan
1199 2221 1237 2271 ut
1251 2211 1284 2268 in
1299 2207 1357 2264 vul-

160 2299 253 2378 gatis,
274 2315 364 2361 aesta
382 2297 477 2372 bello,
502 2317 558 2376 ego
578 2317 629 2357 aas
645 2299 754 2374 libres,
777 2319 853 2378 quoa
871 2300 953 2358 domi
965 2299 1127 2368 habebam,
1150 2297 1267 2356 alana.
1279 2292 1354 2366 Fatis.

93 2456 99 2470 Ι
159 2383 271 2442 Ursino
288 2381 360 2441 mihi
378 2381 592 2458 commodatos,
612 2383 714 2442 statim
730 2383 867 2442 consului
882 2385 912 2442 in
924 2385 1027 2464 eisque
1042 2381 1165 2446 eandem
1181 2381 1355 2458 scripturam

160 2465 226 2524 siue
245 2465 308 2527 ulla
324 2465 414 2526 litura
430 2485 601 2546 expressam
615 2467 724 2547 reperi.
748 2487 838 2544 quam
858 2467 1073 2528 confirmarunt
1087 2467 1147 2526 duo
1163 2465 1263 2532 Vatic,
1284 2483 1302 2518 a
1318 2478 1356 2517 ma

161 2558 267 2631 postea
283 2549 365 2613 aditi.
395 2553 522 2610 accessit
538 2555 669 2612 omnium
684 2561 852 2632 postremus
871 2553 959 2612 Tarn.
983 2563 1014 2614 et
1035 2551 1101 2629 alii,
1124 2551 1249 2632 quasin
1265 2545 1355 2605 Gallis

163 2636 296 2716 quinqua
311 2643 382 2715 post
396 2637 480 2695 annis
493 2647 598 2696 nactus
612 2657 693 2697 aum:
715 2645 750 2696 ut
766 2637 931 2696 ammittant
946 2657 1039 2698 unum
1054 2649 1085 2697 et
1096 2637 1223 2696 alterum
1239 2635 1355 2710 impres
1397 2691 1398 2698 ,

161 2739 245 2795 sum,
267 2739 336 2780 cum
352 2721 558 2800 antiquissimo
572 2731 602 2782 ct
621 2741 769 2783 manuscr.
785 2723 999 2801 comparatum.
1043 2719 1149 2801 ltaqus
1170 2714 1354 2780 delectionis
1397 2713 1398 2798 l

163 2803 284 2883 quidem
307 2805 435 2864 veritate
462 2805 582 2866 minima
608 2805 808 2868 dubitandum
831 2815 884 2866 sat.
917 2806 992 2888 quid
1021 2817 1118 2867 autam
1145 2803 1294 2884 signifieat
1311 2821 1355 2880 per
1397 2821 1398 2864 t

163 2882 366 2974 acutoflhelli‘,
394 2890 568 2951 videndum.
630 2893 691 2970 liga
717 2890 919 2952 existimabam
942 2911 998 2972 per
1026 2907 1117 2953 acala
1140 2887 1210 2950 belli
1234 2883 1354 2962 intelligi
1397 2885 1398 2972 l

161 2992 252 3054 possa
268 2973 441 3034 discrimina
458 2984 487 3034 et
502 2969 637 3055 pericula
660 2975 747 3050 belli,
770 2995 822 3036 acu
838 2978 948 3057 praelii
965 2977 1081 3056 potius,
1102 2977 1132 3036 in
1148 2975 1259 3056 quibus
1279 2971 1354 3032 cele·
1397 2981 1398 2992 ³

161 3059 251 3118 ritate
271 3067 303 3118 et
317 3059 435 3132 ingenio
454 3069 483 3118 et
506 3061 667 3138 sagacitate
690 3069 719 3122 et
735 3079 792 3119 usu
808 3083 885 3141 opus
907 3071 970 3138 est,
990 3061 1117 3121 consilio
1139 3069 1239 3122 autam
1261 3057 1353 3120 nullus
1397 3081 1398 3136 i

160 3143 256 3201 locus.
300 3144 359 3202 Sed
380 3143 548 3221 liugolinua
562 3145 698 3221 dicabat,
718 3167 772 3225 per
788 3160 877 3206 acala
893 3143 963 3205 tella·
980 3147 1091 3206 Achilli
1103 3147 1198 3206 Statio
1218 3143 1353 3204 Lusitano

161 3227 257 3288 videri
272 3227 430 3304 significari
445 3229 581 3289 acumina
599 3241 628 3289 et
640 3229 789 3289 sollertius
804 3229 889 3310 et(ut
903 3231 1061 3310 ita“dicam)
1076 3231 1258 3291 subtilitates
1274 3227 1352 3288 belli:
1397 3269 1398 3272 ,

162 3329 239 3392 quaa
254 3331 271 3371 a
291 3313 414 3372 Graecis
428 3311 654 3395 στρατηγήματα
675 3315 878 3378 nominantar.
906 3317 998 3376 Cuius
1012 3317 1187 3378 sententiam
1204 3317 1229 3376 si
1247 3314 1352 3396 probe·
1397 3365 1398 3370 1

161 3415 245 3476 mua,
268 3398 325 3458 erit
344 3395 419 3457 haec
436 3397 526 3459 huius
542 3401 602 3460 loci
617 3399 776 3474 sententia,
800 3420 864 3459 cans
879 3419 983 3462 curam
998 3403 1029 3461 in
1048 3422 1083 3462 ra
1097 3401 1221 3462 militari
1235 3398 1352 3462 adhibet

162 3481 304 3542 Claudius
327 3503 425 3564 eaque
442 3485 602 3561 sagacitate
618 3495 679 3560 eat,
702 3483 737 3544 iat
752 3482 882 3544 hostium
898 3489 987 3560 orteia
1002 3495 1031 3547 et
1044 3495 1250 3564 strategemata
1271 3483 1351 3544 facila

161 3567 291 3628 declinet
314 3578 366 3628 aut
388 3571 554 3650 propulset.
592 3571 662 3630 Sex.
684 3569 778 3628 lulius
801 3569 961 3630 Frontinus
982 3573 1102 3650 quislaiu
1122 3573 1152 3632 in
1174 3570 1351 3652 praelatione

160 3651 213 3710 lib.
238 3658 267 3716 1.
292 3655 552 3732 strategematicon
573 3653 814 3732 strategematica
835 3655 1050 3736 interpretatur
1073 3655 1145 3718 tells·
1164 3653 1310 3717 sollertiae
1326 3659 1350 3712 et

160 3731 293 3795 sollertia
313 3733 424 3797 'ducam
437 3737 542 3821 saeta.
591 3741 651 3799 lam
674 3759 747 3798 vero
770 3737 829 3798 hoc
850 3741 992 3819 loquendi
1013 3727 1105 3821 genus
1128 3740 1219 3802 acuto
1240 3738 1310 3801 belli
1325 3745 1350 3796 ct

158 3813 286 3878 Horatio
306 3821 448 3880 usitatum
470 3833 514 3882 cst
537 3833 566 3883 et
587 3817 647 3883 illis
669 3824 781 3900 simila,
802 3821 900 3882 sabito
920 3823 1008 3902 belli,
1030 3825 1151 3908 obliqua
1168 3824 1277 3886 rarnuli
1297 3834 1346 3884 etc.

161 3923 239 3983 quoa
255 3915 373 3964 exstant
388 3905 471 3996 apud
488 3907 522 3965 T.
532 3909 657 3968 Livium.
679 3909 723 3968 sic
738 3909 789 3968 ille
804 3907 855 3966 lib.
869 3913 899 3973 6.
915 3911 1020 3974 Annal.
1038 3909 1114 3992 [32]
1130 3912 1198 3970 treis
1210 3897 1348 3971 emaum

159 3986 334 4066 scriberent,
355 4013 445 4049 unam
466 3989 508 4049 nal
526 3992 707 4073 praesidium
736 3991 832 4064 urhis,
860 3991 1004 4074 alanum,
1033 3997 1101 4078 qui,
1123 3997 1223 4076 siqui
1245 3989 1348 4054 alicubi

126 4139 136 4152 .
160 4085 257 4131 motus
276 4075 466 4152 astitissent,
488 4075 531 4134 ad
545 4077 643 4137 subito
660 4075 731 4138 belli
752 4079 831 4136 missa·
843 4075 949 4158 possit,
964 4081 1079 4142 tertiam
1099 4077 1184 4160 longe
1198 4077 1347 4140 validissi-

158 4179 238 4215 mum
257 4167 315 4218 etc.
359 4157 442 4218 Idem
463 4166 515 4224 27.
536 4159 658 4244 obliquo
677 4157 791 4224 tumuli.
811 4159 892 4223 idem
911 4164 964 4226 lib.
981 4169 1033 4230 30.
1055 4163 1169 4240 incerta
1188 4161 1275 4240 belli,
1298 4181 1347 4222 θο-

157 4239 224 4300 dcm
242 4241 297 4305 lib.
318 4243 430 4302 ineerta
441 4243 591 4328 sarronae
610 4263 638 4306 et
662 4245 738 4327 [30]
758 4247 871 4308 incerta
890 4269 1020 4310 casuum.
1042 4249 1123 4308 idam
1141 4235 1192 4308 lih.
1207 4251 1257 4325 33.
1280 4241 1345 4328 [lh]

154 4340 296 4406 quassata
316 4327 401 4385 muri.
430 4329 535 4389 eodem
553 4329 640 4408 libro,
659 4335 722 4410 [87,
736 4330 800 4411 27]
818 4353 921 4392 aversa
940 4331 1062 4404 insulas.
1086 4333 1196 4396 Catull.
1218 4333 1257 4396 ds
1272 4347 1344 4392 coma

152 4407 256 4467 Beran.
282 4410 379 4491 snm,
400 4412 464 4492 te]
489 4411 611 4474 condita
629 4417 765 4508 pectoris.
798 4417 915 4477 haeret.
937 4417 990 4480 lib.
1018 4426 1046 4485 1.
1074 4417 1116 4498 [v.
1139 4417 1222 4498 666]
1244 4415 1344 4478 Arius

150 4489 221 4554 dam
239 4511 384 4573 metam,
406 4499 546 4560 amittunt
562 4521 630 4560 vera
647 4503 717 4565 viai.
737 4500 813 4562 ibid.
838 4501 881 4583 [v.
899 4503 1003 4583 1109.]
1026 4523 1087 4566 non
1104 4501 1160 4564 tibi
1175 4524 1264 4567 caeca
1279 4502 1343 4565 Nox
