2908 5056
1095 173 1099 212 l

179 294 243 364 tto
561 231 764 352 liORthl
796 269 1017 352 CARMINA.

182 461 225 542 [ν.
233 458 319 541 888]
335 457 414 521 Nare
424 459 531 538 Demsi
544 481 628 522 ιιιιιιο
640 455 729 520 nudet
740 481 772 520 se
785 457 900 522 eradere
910 481 1037 542 pugneo
1059 457 1140 522 idam
1149 459 1202 522 lib.
1211 457 1244 526 4.
1252 460 1293 542 [ν.
1301 458 1387 540 422]

177 544 275 608 colom
293 548 362 606 nam
375 544 507 630 perfidas
520 540 574 606 ille
589 546 633 606 Τε
651 544 752 621 colen,
769 539 896 607 urbanos
908 549 998 605 etiam
1012 543 1068 606 tibi
1083 541 1199 607 credere
1219 569 1317 608 sensus
1331 555 1386 614 etc,
1448 581 1449 588 ι

67 657 70 667 ’
98 695 101 700 ,
169 626 258 703 ,idem
273 633 303 698 6.
320 636 364 705 [v.
380 635 475 706 860.];
494 629 762 700 Aorsorum-eduin
783 628 1126 716 quidecimjbllooibuc
1142 629 1292 693 Amris?
1310 641 1340 692 et
1356 637 1384 698 6.
1448 615 1449 656 ¹

63 733 66 740 '
178 717 219 798 [v.
239 715 304 796 15.]
332 716 436 778 Ausus
455 739 486 778 se
505 714 620 776 creclera
637 714 729 778 caelo.
750 717 832 776 idem
849 721 897 782 11.
922 715 964 796 [ν.
984 715 1065 796 153.]
1104 713 1227 778 Cautius
1251 731 1284 778 ut
1303 738 1386 778 saeuo
1448 709 1449 730 ¹

175 799 264 862 uelles
278 799 434 861 recredere
452 799 560 880 Marti.
598 801 710 863 Tibull.
725 802 776 862 lib.
791 808 820 866 2·
839 803 913 879 eleg.
929 808 958 868 6.
975 801 1095 882 [v.21.]
1117 825 1182 883 spes
1193 800 1285 863 sulcis
1298 799 1387 862 credit
1448 811 1449 836 ¹

176 889 272 948 oratis
289 884 419 960 Semina,
435 887 511 968 qual
526 885 769 972 magnosoen'cre
782 881 887 958 reddat
902 881 983 968 ager.
1000 897 1030 946 et
1045 887 1149 947 Horat.
1160 887 1218 946 Od.
1234 894 1285 955 27.
1299 885 1386 946 huius
1448 851 1449 944 l

175 971 228 1036 lib.
242 969 284 1054 [r.
300 969 364 1051 26.]
378 1023 388 1042 ,
404 969 457 1031 Sin
474 985 501 1030 et
517 970 634 1054 Europe
644 975 757 1032 niueam
775 969 880 1032 doloso
899 969 1032 1033 Credidit
1046 987 1132 1037 torro
1156 970 1246 1036 lotus.
1256 999 1260 1008 ·
1270 983 1300 1034 et
1313 972 1384 1032 ibid.
1448 1041 1449 1048 ἵ

139 1059 150 1131 j
177 1055 221 1138 [ν.
242 1057 306 1136 68.]
331 1077 399 1136 oga,
420 1071 450 1118 tc
463 1055 614 1136 procellae
630 1053 722 1118 Crede
738 1055 840 1118 ueloci.
877 1055 1241 1138 ldemSatyr.1.lib.2.
1267 1059 1308 1139 [v.
1324 1056 1386 1136 30.]
1448 1051 1449 1124 l

176 1139 236 1203 Ille
249 1139 328 1203 uelut
332 1135 410 1224 fidia
423 1163 538 1202 arcano
552 1139 705 1203 sodalibus
721 1142 793 1204 olim
812 1138 954 1204 Geedehos
968 1141 1087 1203 obortis.
1117 1141 1304 1226 Ibidem,¹[v.
1320 1141 1386 1222 63.]
1448 1177 1449 1188 ¹

177 1226 290 1290 Secum
302 1228 431 1289 uiuocem
447 1223 534 1288 crede
546 1227 796 1310 nepotiMotrem.
814 1229 858 1288 sic
873 1239 902 1288 et
917 1227 1024 1288 Graeci
1037 1229 1204 1308 loquuntur
1218 1229 1389 1292 ἐπίστευσεν

177 1309 288 1376 ἑαυτὸν
302 1317 367 1386 τοῖς
378 1311 510 1394 ἐχθροῖς.
536 1314 580 1372 sic
591 1313 730 1394 loquitur
741 1311 920 1376 Plutarchus
931 1315 963 1374 in
979 1315 1090 1374 Catone
1105 1313 1245 1390 Uticensi,
1258 1314 1305 1396 [p.
1315 1318 1387 1380 764.

114 1463 117 1468 ,
178 1418 208 1459 c.
224 1395 291 1483 11]
315 1391 412 1471 οὕτως
426 1391 465 1460 ου’
480 1403 523 1484 τῷ
537 1400 620 1478 ξίφει
634 1393 746 1479 μόνον,
764 1394 839 1462 aliid
855 1398 906 1462 sunl
919 1404 962 1482 τῷ
976 1401 1111 1484 γραφείῳ
1120 1395 1156 1464 τὸ
1171 1393 1390 1467 ἀνυπεύθυνον

177 1483 231 1548 aet
246 1480 279 1545 sd
294 1477 487 1546 duvnddsaov
507 1483 651 1548 iniustam·
674 1485 717 1546 sio
741 1485 819 1546 enim
838 1485 998 1562 legendum
1018 1494 1118 1546 ostreo
1139 1486 1226 1562 loco,
1249 1505 1329 1565 non,
1355 1494 1390 1546 ut

177 1571 211 1632 in
227 1569 376 1648 vulgatis,
399 1565 453 1632 τον
470 1563 704 1647 decertavere,
726 1570 779 1634 καὶ
800 1567 851 1636 τὸν
865 1565 1062 1636 ἀνυπόδικον.
1086 1571 1224 1650 loquitur
1238 1581 1337 1632 autem
1352 1571 1390 1631 de

179 1657 307 1716 Caesare
323 1655 445 1714 Catonis
465 1656 658 1716 acerbissimo
680 1655 825 1734 inimico,
850 1656 919 1736 qui,
944 1677 1011 1717 cunr
1027 1659 1101 1716 Cato
1120 1659 1245 1718 fratreas
1264 1657 1391 1737 Caepio-

178 1761 248 1803 nem
267 1739 559 1820 magnificentissima
574 1741 729 1824 sepultura
746 1742 911 1818 affecisset,
930 1763 1028 1824 neque
1050 1751 1167 1802 sumtus
1180 1752 1297 1819 maren,
1315 1761 1391 1822 quos

178 1827 212 1887 in
234 1847 269 1887 ca
292 1847 326 1888 re
348 1827 480 1904 iecerat,
509 1827 708 1888 coheredibus
729 1829 791 1888 suis
814 1837 1002 1906 reputasset,
1023 1825 1160 1906 nihilque
1180 1827 1390 1909 repetivisseta

178 1912 300 1993 scripsit
322 1923 422 1974 tamen
450 1913 484 1972 in
506 1914 753 1986 Anticatonibus,
780 1913 865 1973 illum
886 1914 999 1974 mortui
1026 1915 1129 1974 iratris
1151 1913 1269 1974 cinereo
1289 1913 1389 1974 cribro

176 1999 369 2082 percoluere,
391 2009 426 2058 ut
439 2019 548 2060 aurum
563 2001 594 2060 in
609 2019 716 2078 rogum
737 2021 754 2058 a
772 2020 805 2059 ee
818 1999 988 2060 coniectum
1003 2000 1160 2077 colligeret
1175 2021 1213 2060 ac
1226 2019 1391 2080 recupera-

177 2083 233 2148 ret.
257 2094 425 2164 sequuntur
441 2085 501 2146 iam
516 2087 568 2146 illa
581 2083 739 2146 Plutarchi
753 2085 861 2160 verba,
884 2082 981 2160 οὕτως
998 2084 1036 2150 orl
1051 2089 1096 2170 τῷ
1104 2087 1189 2164 ξίφει
1205 2096 1264 2146 stc.
1285 2085 1318 2145 id
1334 2095 1389 2162 est,

177 2166 283 2250 nt‘ego
299 2173 499 2251 interpretor,
521 2172 563 2231 ita
577 2171 786 2232 auctoritatem
805 2171 887 2230 illam
905 2191 1044 2243 suarnac
1061 2173 1216 2237 licentiam
1232 2171 1391 2232 arationi-

144 2257 153 2264 ’
176 2257 235 2319 has
250 2258 416 2322 referendis
430 2278 468 2318 eo
484 2257 605 2318 iudiciis
620 2259 759 2320 omnibns
773 2258 897 2318 liberam
916 2259 1113 2333 resolutam,
1134 2279 1195 2318 non
1205 2257 1317 2338 -3ladio
1332 2265 1391 2318 'so-

126 2381 130 2400 .
175 2343 257 2420 lum,
279 2364 389 2404 rernm
405 2345 497 2404 etiarn
514 2347 585 2404 stilo
601 2344 743 2404 credebat
761 2365 798 2402 ac
815 2344 1015 2424 permittebat.
1040 2344 1121 2425 quod
1139 2345 1265 2424 perinde
1286 2354 1333 2405 ost
1355 2365 1391 2405 ac

177 2431 204 2495 si
218 2431 332 2496 diceret
345 2429 543 2506 Plutarchus,
567 2431 676 2490 Caesar
695 2450 753 2490 sua·
770 2429 823 2488 illa
844 2430 925 2508 re'gia
950 2440 1099 2510 potestate
1122 2430 1305 2490 abutebatur
1329 2452 1391 2488 aon
1415 2415 1424 2440 ⁸

176 2517 275 2578 solum
291 2515 329 2575 ad
347 2515 535 2576 occidendos
547 2515 702 2592 homines,
725 2521 935 2576 verumetiam
951 2515 987 2574 ad
1006 2517 1207 2576 criminandos
1224 2525 1256 2578 et
1275 2516 1392 2594 scripto

176 2601 325 2664 maledico
341 2602 543 2662 insectandos.
566 2611 687 2680 estque,
708 2623 776 2660 meo
799 2601 920 2678 quidem
943 2601 1079 2678 iudicio,
1101 2602 1133 2660 in
1153 2602 1215 2662 illis
1234 2599 1393 2662 Plutarchi

176 2687 281 2748 verbis
294 2688 451 2748 translatio
466 2688 651 2768 perelegans.
679 2685 930 2765 quemadmodum
951 2686 1048 2763 enim,
1070 2685 1155 2766 quod
1173 2687 1262 2750 alteri
1283 2687 1394 2746 oredi-

177 2784 244 2834 tum
257 2775 334 2849 est,'
346 2794 382 2832 oo
404 2774 454 2832 illo
473 2793 531 2832 suo
550 2771 700 2841 arbitratu
721 2773 766 2831 uti
789 2780 819 2830 et
839 2772 921 2831 abuti
936 2769 1055 2851 potest,
1079 2773 1217 2852 quamvis
1236 2772 1395 2834 interdurn

177 2859 246 2920 iure
267 2879 330 2918 non
348 2859 455 2933 iaciat,
479 2859 551 2938 quia
565 2858 630 2925 eius
649 2866 696 2917 est
715 2856 786 2916 fidei
806 2859 1012 2933 commissum,
1034 2858 1239 2937 potestatique
1258 2859 1396 2938 permis-

179 2965 263 3005 snm:
286 2943 330 3004 sio
349 2945 512 3004 auctoritas
532 2943 625 3002 nullis
642 2942 774 3022 legibus,
796 2941 948 3022 nullisque
963 2943 1084 3002 iudiciis
1095 2943 1246 3041 (alligata,
1269 2945 1396 3022 elegan-

167 3037 274 3106 ⁴tor1et
285 3023 416 3090 'venuste
436 3027 550 3088 dicitur
566 3027 758 3090 aPlutarcho
772 3029 842 3088 stilo
856 3038 885 3087 et
901 3027 1002 3107 gladio
1021 3028 1135 3088 credita
1150 3049 1194 3104 es,
1217 3047 1308 3110 quem
1325 3031 1396 3110 quis

137 3139 139 3144 ’
179 3125 309 3196 usurpat
330 3115 368 3174 ad
389 3110 518 3175 alterdm
537 3116 652 3195 scripto
675 3113 783 3174 acerbo
803 3125 834 3173 et
853 3114 969 3174 famoso
992 3114 1204 3190 lacerandum,
1227 3115 1398 3194 gladioque

180 3201 397 3262 occidendum:
418 3201 477 3280 qui·
487 3201 573 3260 locus
583 3201 620 3260 ab
637 3199 701 3260 aliia
715 3199 932 3280 interpretibus
947 3208 991 3258 eat
1004 3201 1251 3279 praetermissus:
1275 3203 1313 3260 ab
1326 3203 1398 3261 aliis

160 3307 372 3370 ¹perpereme
390 3288 507 3346 Graeco
525 3305 695 3346 conversus.
718 3284 787 3360 sed,
811 3303 848 3344 aa
859 3287 961 3344 virum
974 3283 1098 3348 doctiss.
1112 3285 1301 3364 eandemque
1319 3285 1399 3346 mihi

148 3417 151 3433 ,
180 3373 410 3444 amicissimum,
434 3372 544 3434 Guliel.
568 3373 725 3442 Sirletum,
747 3371 853 3430 merita
877 3370 967 3430 laude
989 3371 1126 3430 fraudem
1151 3391 1187 3430 ac
1204 3373 1344 3450 spoliem,
1371 3373 1398 3432 is

179 3457 263 3520 huno
278 3457 432 3518 Plutarchi
452 3459 554 3518 locum
570 3459 613 3520 sic
628 3457 776 3536 scriptum
791 3455 822 3513 in
839 3455 944 3514 codice
964 3457 1170 3536 manuscripto
1188 3456 1262 3516 mihi
1278 3457 1398 3518 Romae

180 3541 328 3604 ostendite
352 3565 443 3624 quarn
463 3545 644 3623 scripturam
657 3551 762 3622 postea
780 3539 854 3600 mihi
868 3540 1057 3602 confirmarit
1074 3545 1175 3603 codex
1188 3543 1299 3602 Donati
1318 3544 1399 3604 lan-

179 3629 273 3692 noctii
295 3649 385 3688 manu
407 3629 550 3709 scriptus.
1112 3667 1127 3692 q

265 3719 317 3781 34.
338 3715 389 3795 Ea
412 3713 546 3776 Merra
569 3713 724 3774 Poenos
745 3731 855 3772 eaor.
879 3711 976 3791 anm]
996 3721 1025 3772 ct
1037 3713 1131 3772 altero
1145 3713 1261 3793 proelio
1272 3715 1400 3776 Poenos

181 3801 335 3882 superabit
365 3821 401 3862 ac
427 3800 546 3877 subiget
574 3799 619 3874 is,
650 3801 702 3877 qui
724 3799 788 3858 lora
817 3808 875 3857 eto.
903 3805 1042 3878 proteret
1062 3799 1307 3880 progrediendo,
1339 3821 1402 3861 seu

180 3909 274 3970 porro
298 3896 384 3950 teret.
406 3885 511 3966 paullo
534 3885 623 3946 aliter
638 3884 799 3964 usurparit
816 3883 873 3946 Od.
887 3905 944 3944 vn.
960 3885 1013 3948 lib.
1030 3891 1059 3952 4.
1080 3883 1123 3967 [v.
1137 3881 1182 3967 9.]
1205 3907 1254 3947 uer
1266 3889 1403 3968 proterit

182 3979 289 4036 metas.

268 4058 319 4125 85.
344 4057 419 4132 Qut
440 4073 544 4116 aona
563 4075 797 4116 recrasorrs
817 4053 1030 4134 asenario]
1052 4076 1090 4114 sx
1107 4053 1248 4115 hocloco
1268 4056 1404 4136 perspi-

182 4163 274 4210 cuum
293 4154 353 4219 cst,
380 4143 490 4202 civium
512 4143 637 4204 Roma'n.
653 4143 844 4222 captivorum
866 4143 997 4205 lacertos
1013 4141 1088 4202 loris
1109 4142 1230 4201 vinctos
1249 4151 1281 4200 et
1295 4143 1405 4202 astri-

184 4240 250 4290 ctos
270 4231 472 4304 luisse,‘non‚
492 4239 529 4288 ut
550 4227 670 4307 quidam
691 4237 814 4308 putant,
833 4219 1034 4288 enimi'causa
1051 4231 1090 4286 ⁸in
1113 4237 1229 4304 tergum
1249 4226 1404 4290 reiectos.

133 4315 136 4329 '
270 4321 322 4384 56.
347 4313 480 4395 ineas]
503 4313 640 4394 ignavus.
662 4313 751 4374 alitor
773 4313 839 4374 Oda
862 4314 1035 4398 superiore,
1062 4313 1102 4393 [v.
1118 4313 1183 4394 45.]
1209 4310 1269 4391 Qui
1284 4325 1404 4372 terram

184 4403 305 4461 inanem
321 4410 378 4460 etc.

110 4501 116 4520 ‘
231 4529 235 4536 .
273 4491 324 4552 31.
345 4483 432 4560 Ηιο,
453 4503 549 4545 nana
570 4505 695 4546 arrasa
716 4501 915 4545 suanense.
937 4481 1017 4564 ato]
1040 4479 1130 4545 huius
1146 4485 1206 4545 loci
1223 4481 1302 4542 hacc
1323 4502 1405 4542 sen-

187 4571 282 4634 tentia
298 4579 357 4633 est:
380 4570 438 4634 llic
455 4571 540 4632 mdes
556 4569 702 4646 nesciero,
723 4571 817 4634 sitam
831 4591 867 4638 ac
881 4570 1007 4634 salntem
1017 4591 1079 4634 non
1093 4591 1157 4634 osse
1170 4571 1208 4632 ab
1224 4567 1315 4630 hoste
1333 4589 1405 4650 pe-
1448 4653 1449 4656 Ἴ
