2894 5052
663 172 679 206 ν

135 299 198 396 ata
250 373 259 388 ,
496 289 705 382 nouarn
737 277 960 356 curmusi

133 461 201 525 silio
218 458 384 526 caelestium
399 458 570 550 eollopnoit,
587 483 677 546 quum
686 461 785 524 uivere
798 463 829 522 in
841 457 1002 522 solitudine
1016 475 1070 524 etc.
1113 459 1220 524 Strabo
1238 471 1337 538 autem

5 543 14 552 ’
133 550 185 610 lib.
205 543 313 626 Geogi.
330 549 427 629 primo
451 547 627 620 ostendens,
648 557 767 608 veteres
788 544 906 626 longius
926 547 1069 606 selanus
1085 549 1248 626 navigasse,
1265 551 1338 630 plu-

132 633 251 714 teisque
266 643 413 694 terrarum
426 633 563 710 regiones
580 633 709 714 pedibus
722 651 911 714 peragrasse,
931 651 1023 712 quam
1041 634 1234 712 posteriores,
1255 635 1337 694 scri-

133 719 193 796 tis,
215 719 369 778 Castorem
389 727 419 778 et
433 719 586 778 Pollucem
600 719 713 779 iccirco
731 719 821 778 maris
835 728 1046 798 procuratores
1062 739 1098 777 ac
1109 727 1225 780 tutores
1241 740 1338 800 quos-

86 807 104 848 Ι
133 804 207 864 dam·
220 805 483 883 navigantiumque
498 811 667 864 servatores
680 825 715 863 ac
729 803 904 863 liberatores
918 824 982 864 essa
997 803 1104 880 dictos,
1127 805 1209 884 quud
1226 805 1338 883 longis-

132 891 205 948 sime
218 889 419 968 latissimeque
438 889 612 966 navigarint
628 899 658 948 et
672 889 754 951 mari,
767 888 934 969 longinquo
950 910 985 948 ac
1002 891 1119 948 remoto
1141 891 1219 950 bella
1237 891 1356 968 gesse-⁸

131 975 206 1034 rint:
228 973 381 1034 Bacchum
403 993 497 1052 vero,
519 974 696 1049 Herculem,
718 972 883 1049 Tueseum,
903 973 1087 1050 Pirithoum,
1109 985 1236 1056 propter
1257 996 1338 1035 esn-

16 1063 26 1076 “
133 1059 200 1119 dem
221 1079 340 1118 causam
360 1058 399 1118 ad
424 1060 536 1120 inferos
558 1057 746 1119 descendisse
772 1059 918 1124 ,creditos
961 1059 1005 1120 De
1024 1061 1146 1122 Castore
1167 1071 1198 1122 ct
1213 1062 1337 1121 Polluce

132 1145 220 1226 plura
237 1143 367 1204 diximus
382 1163 450 1224 sup.
465 1145 504 1204 ed
525 1144 583 1204 Od.
597 1165 651 1203 arr.
665 1143 718 1204 lib.
729 1165 752 1205 1.
790 1177 793 1184 ·

217 1233 248 1294 9.
279 1247 405 1289 ruens
427 1228 649 1304 Hennaeus]
673 1249 785 1308 vagus,
808 1231 861 1309 qui
886 1231 980 1290 multa
1002 1230 1095 1290 maris
1116 1231 1285 1308 mulierque
1305 1239 1339 1290 et

132 1314 310 1393 longinquos
329 1327 425 1379 terras
446 1314 632 1395 peragrarit,
655 1307 895 1396 πολύπλαγκτος,
919 1335 1008 1394 quum
1028 1317 1068 1375 de
1080 1313 1213 1376 Hercule
1228 1317 1339 1374 lamam

104 1442 107 1448 .
133 1399 291 1458 coufirmat
305 1408 334 1458 et
346 1399 493 1459 Pindarus
510 1402 595 1479 iatiu-
610 1398 664 1462 tid.
674 1394 711 1462 δ’.
732 1400 772 1480 [r.
784 1405 827 1466 94
841 1406 897 1479 ιφ]
914 1396 950 1472 iit
964 1394 1159 1481 Ὀὔλυμπόνδ’
1174 1401 1227 1481 ἔβη
1248 1402 1339 1482 γαίας

103 1497 108 1514 ’
132 1505 164 1547 τι
182 1479 351 1558 ucionensi
368 1479 589 1568 βαθυκρήμνου
609 1489 718 1558 πολιᾶς
729 1481 821 1559 ’Ἅλός
841 1482 973 1568 ἐξευρών
989 1479 1101 1562 θέναρ,
1125 1488 1287 1548 Nuntiatur
1306 1507 1340 1548 τε
1385 1511 1395 1523 ·

131 1563 280 1651 πορθμὸν
300 1563 470 1652 ἆμεροίσας.
510 1573 581 1632 Νῦν
596 1567 629 1632 di
648 1564 726 1652 παρ’
739 1563 870 1674 Αἰγιόχῳ
886 1568 1044 1634 κάλλιστον
1065 1569 1155 1651 ὄλβον
1173 1565 1339 1652 Ἀμφίπαν

72 1715 73 1721 ,
133 1656 221 1731 ναίει,
236 1655 388 1734 τετίματαί
398 1677 430 1718 νε
446 1651 522 1734 πρός
538 1648 704 1724 ἀθανάτων
716 1657 815 1734 φίλος,
839 1659 929 1736 Ηβαν
942 1651 967 1717 τ’
983 1651 1084 1718 ὀπυίει
1097 1656 1231 1736 χρυσέων
1245 1657 1339 1719 οἴκων

112 1737 224 1816 winsi,
246 1735 562 1824 καλγαμβρόςἭρας.
593 1739 698 1814 idest,
719 1741 815 1820 quiin
832 1741 995 1821 Olympum
1011 1745 1162 1818 ascendit,
1185 1728 1253 1802 curis
1272 1751 1346 1821 ter-x

132 1845 181 1884 ros
198 1824 328 1900 omneis,
350 1821 478 1904 cumqu‘e
495 1825 588 1884 maris
605 1835 637 1884 et
647 1825 791 1906 profundi
806 1827 995 1888 altitudinem
1014 1828 1177 1909 reperisset
1188 1838 1232 1888 et
1246 1825 1340 1886 navi-

76 1903 80 1913 “
133 1909 300 1988 gationibus
321 1910 430 1968 fretum
446 1909 632 1970 mansuetum
647 1910 837 1987 reddidisset,
854 1911 935 1972 srun'c
951 1921 1051 1972 sutem
1063 1913 1146 1993 apud
1160 1913 1258 1972 iorem
1275 1912 1339 1970 vita

71 1981 88 2000 ”
131 1994 303 2065 beatissima
318 1995 475 2074 perfruens
492 1994 623 2068 habitat,
647 2004 767 2075 atquca
786 1995 843 2055 diis
863 1997 1082 2058 immortalibus
1097 1999 1128 2056 in
1148 1997 1264 2058 honore
1277 1995 1340 2055 ha-

132 2081 222 2140 betur
243 2089 273 2138 et
293 2088 427 2140 amatura
454 2089 518 2140 tum
545 2079 649 2138 Heben
674 2101 727 2140 seu
750 2081 937 2142 Iuventatem
960 2083 1052 2144 habet
1078 2087 1111 2143 iu
1136 2084 1338 2158 matrimonio,

59 2208 61 2214 ι
133 2165 311 2242 aediumque
324 2183 483 2227 aurearum
497 2165 636 2224 dominus
648 2175 695 2223 est
710 2176 740 2224 et
753 2165 877 2230 lienosis
891 2189 991 2246 gener.
1008 2171 1051 2228 sic
1060 2169 1165 2230 Horat.
1180 2168 1217 2230 de
1228 2171 1340 2227 Homu-

132 2248 338 2320 lo‚·Beecho,
361 2248 485 2310 Castore
505 2258 535 2307 et
550 2249 690 2324 Polluce,
712 2248 859 2325 Hercule,
882 2253 968 2332 epist.
981 2253 1029 2312 ad
1047 2254 1215 2331 Augustum
1237 2253 1289 2311 tiu.
1307 2259 1338 2316 2.

134 2329 184 2408 [1,
205 2328 250 2405 6.]
272 2325 420 2388 Romulus
440 2343 467 2388 et
488 2327 581 2388 Liber
599 2347 685 2410 puter
706 2347 735 2394 et
757 2357 824 2394 cunr
846 2332 967 2397 Castore
982 2335 1096 2398 Polluta¹
1120 2341 1189 2398 Post
1209 2339 1341 2416 ingentia

123 2411 238 2498 fucta,
263 2409 383 2471 deorum
397 2414 430 2472 in
446 2411 555 2494 templu
579 2419 692 2496 recepti.
716 2426 746 2478 at
767 2419 905 2479 Od.v1u.
929 2423 982 2484 lib.
998 2428 1027 2487 4.
1053 2422 1095 2502 [r.
1112 2421 1175 2500 29]
1195 2423 1240 2480 sic
1258 2423 1341 2480 louis

132 2498 250 2556 interest
272 2493 391 2578 Optatie
409 2494 502 2577 epulis
525 2500 649 2580 impiger
661 2499 825 2564 Hercules:
849 2495 968 2566 Clarum
991 2504 1176 2584 Tyndaridae
1191 2503 1282 2564 Sidus
1294 2503 1339 2574 ,αὖ

124 2582 244 2724 'iiim'
265 2589 322 2644 ete.
360 2581 515 2662 Virgslib.
531 2587 551 2650 6
570 2584 695 2666 aeneid.
711 2583 756 2668 [v.
773 2589 864 2669 802]
885 2613 938 2651 neo
954 2603 1069 2652 ransom
1082 2586 1211 2652 Aloidas
1225 2587 1340 2650 telluris
1433 2589 1441 2604 '

109 2671 151 2726 *o
178 2666 226 2724 'vit
246 2675 303 2724 etc.

125 2767 128 2776 '
221 2751 269 2816 10.
290 2750 473 2832 Innixus]
498 2751 618 2831 quidam
633 2754 704 2843 libri
720 2765 838 2818 veterae
857 2767 888 2820 et
906 2759 928 2818 ii
943 2777 1015 2820 sane
1034 2779 1096 2820 nou
1114 2757 1205 2843 pauci
1227 2758 1340 2820 habeut

133 2837 269 2895 innisus:
289 2835 427 2896 nonnulli
448 2839 554 2899 enisus.
699 2851 704 2863 ¹
1100 2914 1102 2921 ¹
1157 2843 1160 2848 ’

90 2940 93 2951 “
145 2938 149 2946 “
220 2925 271 2985 tl.
294 2921 544 3002 Hacunranss]
567 2923 657 2983 immo
684 2923 860 2986 occumbens
876 2927 996 3007 potiuaa
1019 2949 1089 2990 unm
1108 2927 1272 2991 recumbere
1295 2939 1340 2992 est

133 3011 198 3064 tcto
213 3025 341 3087 corpore
355 3007 507 3066 cubasset
523 3010 639 3085 iacere,
661 3020 695 3069 ut
713 3012 844 3070 diximus
857 3014 894 3072 sd
912 3014 969 3072 Od.
983 3033 1083 3074 xxvii.
1104 3015 1159 3078 lib.
1175 3027 1201 3080 1.

180 3106 181 3113 ’
217 3097 269 3172 12.
292 3091 419 3171 Brarr]
440 3091 493 3154 lib.
510 3093 645 3155 Iannoct.
662 3105 691 3154 et
704 3109 783 3156 unus
800 3097 895 3158 Vatic.
913 3097 1025 3160 hebent
1041 3098 1135 3164 tibet:
1157 3119 1248 3180 quam
1263 3101 1343 3160 acri·

133 3183 254 3256 pturam
280 3179 303 3235 ai
324 3175 533 3257 probabimus,
555 3179 771 3258 intelligemus,
791 3180 852 3242 hoc
874 3184 934 3244 di'ci
951 3185 987 3244 ab
1007 3185 1147 3262 Horatio,
1169 3186 1341 3264 Augustum

134 3272 204 3340 post
218 3272 345 3322 mortem
358 3265 390 3322 in
405 3261 530 3323 deorum
547 3285 704 3324 nurnerum
721 3268 885 3348 ascriptum
901 3269 948 3329 iri.
981 3271 1049 3344 sin,
1071 3280 1104 3330 ut
1125 3280 1170 3332 est
1184 3272 1215 3330 in
1232 3271 1341 3330 ceteris

133 3345 218 3406 libris
233 3357 264 3408 et
285 3348 480 3427 manuscript.
500 3360 529 3408 et
549 3351 643 3428 vulg,
669 3347 744 3410 titis
763 3352 914 3430 legemusa
937 3355 987 3414 vel
1003 3353 1167 3422 dicendum
1182 3357 1248 3432 erit,
1262 3355 1340 3415 hauc

134 3431 223 3491 odam
239 3435 373 3510 Augusto
394 3442 514 3492 mortuo
532 3436 674 3515 scriptam
690 3455 768 3514 esse,
791 3439 874 3517 quod
889 3439 962 3498 mihi
978 3441 1100 3518 quidem
1115 3461 1176 3500 uon
1195 3452 1241 3501 est
1254 3443 1341 3501 veri·

58 3565 63 3579 e
114 3517 249 3602 simile,
271 3519 321 3578 vel
336 3539 371 3577 eo
390 3519 640 3598 confugiendum,
658 3531 694 3580 ut
708 3521 859 3600 dicamus,
881 3525 1039 3603 significari
1056 3525 1092 3584 ab
1108 3525 1251 3603 Horatio,
1272 3528 1343 3586 Au-

134 3613 221 3678 gusto
237 3606 307 3663 vivo
325 3615 354 3663 et
373 3605 487 3664 videnti
507 3605 600 3664 tribui
616 3605 733 3665 divinos
752 3605 890 3668 honores·
904 3630 1032 3688 sumque
1048 3610 1137 3670 deum
1153 3623 1342 3690 praesaastem

20 3698 22 3714 ¹
133 3685 254 3763 haberi,
285 3689 366 3767 quod
391 3690 1245 3776 Passeratioplacebat.smepistodsiugust,[11,i‚
1277 3697 1340 3776 tn]

133 3771 287 3834 Praesenti
302 3773 357 3834 tibi
374 3787 506 3834 moturos
519 3771 664 3854 largimur
677 3774 815 3854 bonores,
837 3776 1042 3865 iurandasque
1063 3797 1144 3840 tuum
1162 3783 1216 3862 per,
1234 3803 1341 3842 nomen

46 3917 49 3931 ,
131 3861 271 3940 ponimus
283 3849 362 3918 orsis.
379 3867 409 3920 et
426 3857 484 3919 od.
500 3879 532 3921 v.
543 3858 637 3935 iustius
659 3859 713 3922 lib.
729 3866 768 3936 [v.
783 3861 828 3943 2.]
842 3885 979 3946 praesens
992 3860 1077 3926 diuisa
1097 3863 1340 3927 tatetuurstu-

172 3954 306 4006 stusetc.
383 3993 385 3998 .
609 3961 622 3972 “
675 3971 679 3978 ·

88 4075 92 4082 .
131 3965 171 4024 μ
220 4037 269 4096 13.
291 4029 372 4089 Hac
394 4025 747 4109 rauennurnerirac
761 4039 791 4092 te
810 4040 874 4091 arte
889 4045 1050 4098 merentem
1065 4036 1242 4114 praemium,
1256 4057 1342 4098 uem-

64 4132 67 4144 ·
113 4129 116 4137 ‘
133 4133 171 4192 pc
185 4115 436 4176 immortalitatem
454 4123 484 4174 et
498 4113 627 4175 honores
643 4115 778 4180 divinos:
794 4117 843 4176 rel
856 4107 1006 4180 merentem
1019 4108 1274 4200 accipeabsciuts
1284 4143 1343 4203 pro

133 4200 326 4276 militantem,
349 4213 384 4262 ut
398 4201 438 4260 sit
450 4200 606 4260 translatio
620 4221 636 4257 a
652 4201 813 4277 militibus,
835 4221 913 4281 quos
927 4223 1040 4265 merere
1054 4205 1191 4270 dicimus.

221 4291 269 4351 14.
291 4287 399 4346 Tune
420 4285 579 4346 Vaxenn
601 4284 758 4370 rsonae]
780 4287 893 4346 iccirco
904 4289 1019 4350 Bacchi
1034 4311 1158 4352 currum
1172 4293 1265 4372 tigres
1279 4304 1343 4354 trs-

48 4439 53 4445 ·
133 4369 204 4430 isere
219 4371 388 4450 linguntur,
413 4371 618 4450 quianullum
634 4381 680 4430 est
699 4380 759 4432 tam
779 4373 877 4437 ferum
900 4391 998 4454 usque
1020 4387 1082 4435 tem
1101 4377 1229 4440 immane
1252 4381 1343 4458 inge-

133 4455 232 4530 nium,
256 4457 329 4535 quin
342 4457 411 4515 vinc
425 4463 674 4518 mansuescerent
695 4454 826 4516 cicurari
840 4459 952 4539 possit,
976 4471 1012 4520 ut
1029 4461 1169 4522 odrm.
1191 4464 1283 4524 husius
1305 4465 1345 4523 li-

133 4541 197 4618 bri,
220 4541 263 4620 [v.
282 4541 343 4621 ta]
388 4541 435 4601 Tu
450 4536 831 4625 ienetormentum'ingenio
853 4539 991 4608 ιιῶιιιονιι
1004 4543 1182 4631 Plerumque
1194 4547 1270 4612 ciero
1287 4557 1346 4612 ott.
