2874 5050
513 247 517 269 ’
555 239 763 354 nonium
799 265 1023 362 csnnrire

101 439 108 456 ⁹
183 487 244 542 sus,
260 473 291 526 et
305 465 404 544 Sstyr.
421 469 449 530 8.
470 463 523 524 lib.
537 467 565 530 2-
584 461 625 544 [v.
640 459 726 542 eol]
744 475 852 524 rectem
875 461 987 538 enimi,
1009 461 1218 536 constentiam,
1239 463 1367 542 eequebi-

182 553 312 624 litatem,
342 549 595 628 tranquillitatem.
656 547 748 620 Quod
775 547 819 607 its
843 567 922 624 esse,
951 556 986 606 ut
1009 547 1094 622 dico,
1123 547 1260 607 declaret
1281 548 1368 607 eedem

182 639 325 698 sententis
349 635 413 696 eliis
434 635 532 694 verbis
555 653 694 713 expresse
716 631 818 694 eedem
835 633 933 712 Selyr.
949 631 991 712 [ν.
1004 631 1092 712 2111]
1111 647 1191 692 erere
1207 633 1318 695 enimc.
1336 635 1368 692 sic

180 723 288 784 Horat.
320 718 392 782 Cum
412 717 540 800 prudens
561 717 655 778 scelus
674 715 712 780 ob
736 715 839 778 situlos
862 713 997 777 admittis
1015 719 1143 792 inaneis,
1167 715 1238 778 Stes
1258 715 1369 778 enimc?
1402 705 1403 784 1

167 801 259 874 'seqre
273 807 373 866 animo
389 806 466 864 enim
485 805 566 864 velet
582 801 711 862 snirnum
731 801 843 862 hebere
864 803 971 862 ovilio
994 823 1106 884 purum
1124 811 1153 862 et
1172 803 1369 882 incorruptum
1402 837 1403 884 ;

180 892 362 970 minimeque
378 889 583 970 depraveturm
627 891 666 948 Et
682 889 805 952 Plautus
823 889 854 946 in
871 885 1013 947 Ruccbid.
1038 887 1092 968 [πῃ
1106 893 1137 962 3,
1150 887 1191 968 8.]
1214 901 1323 947 rectum
1340 909 1369 946 ce

179 979 327 1058 ingenium
349 973 455 1034 bonum
473 975 560 1048 dicit,
584 973 635 1052 qui
652 985 775 1033 nonest
792 973 992 1053 deprecatus,
1016 975 1068 1052 qui
1089 995 1150 1032 non
1171 981 1217 1032 est
1238 973 1369 1052 proclivis

179 1065 218 1124 nd
237 1059 401 1140 nequitiam
418 1071 469 1118 rut
487 1061 649 1119 libidinem.
666 1068 695 1118 et
710 1058 841 1132 Ennius,
871 1057 938 1136 Quo
953 1056 1037 1118 codis
1050 1073 1173 1133 menies,
1194 1071 1294 1116 νεᾶνι
1309 1079 1370 1138 quer

178 1143 410 1210 slcre'sciebunt
425 1145 580 1220 Aureliae,
602 1141 745 1202 dementes
764 1165 823 1204 sese
839 1145 955 1226 flexere
973 1141 1059 1204 viui?
1088 1157 1183 1202 rectus
1204 1151 1306 1202 eutem
1323 1161 1369 1222 pro
1402 1183 1403 1208 ,

73 1255 81 1278 ⁸
180 1255 232 1306 eo,
255 1245 344 1311 quem
370 1229 534 1310 propitium
550 1239 603 1288 sut
618 1229 768 1307 plecstnrn
788 1238 840 1288 nul
860 1227 1040 1288 benevolum
1056 1227 1204 1303 dicimus,
1226 1223 1302 1286 milri
1320 1247 1369 1286 nen

179 1318 300 1378 videtur
322 1333 386 1376 esse
404 1315 547 1374 miletum
570 1315 600 1372 in
614 1322 676 1373 tote
691 1313 792 1388 lingue
810 1313 920 1375 beline.
968 1381 972 1396 ι

264 1403 317 1466 50.
346 1401 465 1458 Genvr
494 1417 684 1458 nneonnre
710 1397 885 1477 esesne]
907 1395 984 1458 brec
1008 1397 1152 1458 dicuutur·
1171 1395 1210 1455 eb
1229 1395 1367 1456 dunibsle.

180 1505 235 1547 nos
249 1483 509 1562 Karthaginienses
524 1496 674 1562 tnrnqusm
688 1483 927 1544 cerviliomeuns
941 1483 1179 1562 tenqusmlupos
1188 1483 1369 1560 insequimur.

265 1571 316 1636 51.
339 1591 434 1638 Quos
456 1587 559 1628 neres.
582 1571 757 1628 Fensene
780 1589 823 1627 ee
846 1567 999 1652 serum]
1030 1569 1145 1646 quossi
1168 1567 1301 1646 effugere
1314 1587 1369 1646 pos

142 1648 145 1656 ’
179 1658 288 1730 simus,
317 1667 452 1732 megnsm
474 1655 536 1713 lliis
557 1653 667 1712 hebere
685 1654 808 1730 gretiam
831 1653 988 1731 magnique
1009 1651 1156 1734 triumphi
1176 1651 1247 1710 loco
1274 1653 1369 1710 ducere

179 1742 349 1800 debesmus.
371 1741 499 1800 tule'sst
518 1738 597 1797 illud
612 1739 732 1798 Terent.
750 1737 785 1796 in
800 1737 962 1799 Heautont.
986 1738 1038 1820 [ιη
1053 1745 1084 1814 2,
1100 1737 1143 1816 5.]
1167 1735 1369 1818 sriempbo,si

179 1824 248 1887 licet
267 1848 314 1884 me
333 1821 422 1886 luten
437 1837 513 1884 recto
534 1820 704 1899 obscedere,
726 1821 759 1882 id
780 1833 841 1900 est,
864 1821 1012 1902 triumphi
1033 1823 1101 1882 loco
1123 1821 1242 1896 habeo,
1265 1819 1368 1880 eimibi

177 1911 249 1971 licet
263 1911 342 1970 letus
359 1917 460 1986 tegere
473 1909 718 1988 periculumque,
738 1907 770 1968 in
785 1927 845 1988 quo
862 1927 985 1986 versor,
1008 1907 1166 1970 declinere.
1196 1907 1313 1966 Graece
1326 1905 1368 1964 di-

179 2015 287 2070 cerem,
309 1989 364 2068 oiie
376 1992 567 2056 ὑπεκκλῖναν
581 1992 632 2056 soi
648 1989 807 2076 ἐκφεύγειν
828 1986 912 2054 serien
929 1991 1005 2072 ripis
1021 1985 1179 2074 dquso'v
1195 1992 1257 2072 εἴη.

263 2083 315 2144 bl.
347 2078 510 2157 oremus]
547 2077 680 2158 emplue,
702 2077 886 2156 magnificus.
913 2079 957 2136 sic
978 2079 1076 2160 spolie
1100 2080 1201 2158 opime
1228 2077 1366 2150 dicuntur,

178 2183 256 2245 quse
274 2163 338 2222 dux
355 2163 462 2243 populi
475 2165 560 2226 llom.
578 2163 649 2222 duci
662 2160 795 2224 boetium
811 2162 953 2224 detraxit.
976 2163 1060 2242 quod
1072 2163 1142 2248 slibi
1160 2163 1366 2222 annotavimus.

262 2252 314 2313 62.
335 2247 537 2324 Fruuene]
560 2247 672 2322 idest,
694 2247 797 2309 lutere.
820 2247 891 2308 vide
911 2257 1014 2308 ennol.
1029 2247 1070 2306 ed
1089 2247 1146 2306 Od.
1160 2265 1193 2307 x.
1209 2247 1268 2307 lib.
1286 2255 1311 2312 1.

262 2337 313 2398 53.
336 2330 454 2405 Gens,
479 2349 576 2398 quse
600 2347 778 2390 cserreeo
802 2331 883 2412 etc]
913 2331 989 2392 beec
1015 2341 1087 2391 sunt
1107 2331 1157 2392 vel
1182 2351 1222 2391 ex
1248 2329 1365 2390 mecedo

177 2415 231 2476 lrb.
248 2413 321 2474 Aen.
343 2413 507 2476 notissime.
526 2415 564 2474 ed
580 2413 660 2474 bunc
674 2424 771 2476 eutem
791 2416 890 2476 locum
908 2417 1061 2496 pertinent
1075 2417 1127 2477 ille
1142 2437 1180 2476 ex
1194 2437 1291 2476 cerm.
1309 2437 1365 2474 sre-

177 2500 236 2560 cul.
258 2497 295 2557 ed
310 2499 397 2572 Deos,
413 2497 456 2577 [v.
469 2505 507 2564 41
526 2499 606 2578 sqq]
627 2495 683 2559 Cui
700 2522 753 2580 per
765 2497 913 2560 ardentem
930 2503 993 2562 sine
1001 2499 1113 2586 frende
1128 2501 1257 2561 Troiam
1276 2498 1364 2562 &stes

115 2579 121 2596 ’
174 2585 295 2646 Aeneas
304 2585 423 2664 putride
437 2577 579 2664 e‘srperelee
595 2579 735 2643 Liberum
750 2585 875 2644 muniuit
888 2587 953 2648 iter.

259 2667 311 2732 65.
333 2667 567 2746 Nscosone]
596 2667 741 2730 etlilium
763 2668 924 2730 docenium
951 2669 1065 2732 denses
1084 2669 1219 2731 scilicet:
1248 2671 1365 2752 itemque

173 2773 246 2812 euos
259 2751 372 2812 liber-oe
386 2753 437 2812 elii
452 2751 589 2829 Troisni,
612 2754 663 2832 qui
676 2753 806 2814 Aeneam
828 2755 922 2814 secuti
938 2765 1016 2818 sunt
1285 2765 1292 2778 '

259 2835 309 2902 55.
331 2855 594 2907 usensosone
612 2837 779 2917 eee'eee]
803 2848 837 2897 ut
849 2837 1002 2899 Anchisen
1014 2839 1139 2901 Aeness.
1154 2839 1241 2910 Visa.
1257 2839 1363 2906 Aeni.

174 2922 219 3002 [r.
232 2918 296 3000 78]
310 2922 376 2980 oevi
387 2935 521 2981 meteres
534 2921 665 2983 Acestes.
682 2922 713 2982 iu
728 2923 780 2986 lib.
797 2922 836 2984 de
849 2923 914 2984 Art
928 2931 1013 3005 podt.
1030 2924 1075 3006 [v.
1086 2924 1172 3006 lle]
1195 2925 1363 2988 Mnumn

170 3029 281 3082 senex,
303 3023 344 3065 on
358 3001 457 3066 adhue
470 3007 593 3082 flnnnre
606 3008 732 3072 inuento.

256 3093 306 3158 67.
330 3091 449 3150 Dones
471 3111 519 3150 nr
540 3111 636 3150 snex
659 3087 743 3174 eim]
766 3113 782 3150 s
804 3091 999 3154 similitudine
1019 3093 1109 3169 ductu
1128 3093 1168 3152 sb
1187 3097 1278 3173 ilice,
1298 3115 1362 3178 ques

169 3175 351 3257 bipennibus
367 3184 397 3236 et
411 3175 566 3236 securibus
578 3185 676 3254 tense,
698 3176 804 3254 idest,
823 3177 914 3238 remis
929 3179 1072 3258 spoliem,
1095 3199 1131 3240 eo
1144 3182 1239 3260 magio
1256 3183 1360 3253 crescit,

170 3261 319 3336 ostendit,
342 3262 490 3320 llnmsnos
511 3261 727 3338 incommodis,
749 3261 885 3339 demnis,
907 3263 1042 3324 adversis
1063 3265 1190 3346 proeliis
1216 3277 1249 3328 et
1267 3266 1360 3328 caedi-

169 3348 227 3408 bus
239 3347 333 3426 megis
349 3365 384 3404 ec
402 3345 494 3423 megis
509 3345 691 3406 invalescere
705 3356 736 3406 et
747 3347 859 3426 vigere.

241 3437 305 3500 ⁴58.
337 3428 514 3514 Amorne]
548 3431 691 3505 Algidum
710 3451 819 3492 nomeu
851 3433 962 3492 montis
992 3443 1039 3493 est
1058 3431 1119 3494 boc
1151 3433 1219 3494 loco
1246 3439 1278 3496 in
1299 3455 1359 3514 egre

168 3519 349 3577 Tusculsno.
365 3526 402 3578 ut
417 3515 474 3577 Οὐ.
489 3535 554 3574 xm.
575 3515 627 3575 lib.
646 3523 673 3580 1.
690 3515 730 3596 [v.
749 3515 792 3598 6.]
816 3533 868 3577 out
881 3515 983 3600 gelido
999 3521 1146 3600 preminet
1160 3519 1292 3602 Algido.
1312 3541 1359 3600 op-

166 3603 271 3684 pidum
286 3602 373 3661 etiem
388 3601 493 3661 eodem
506 3600 624 3659 nomine
637 3601 816 3680 eppelletnr.

252 3689 303 3752 59.
326 3687 403 3746 Ρη
423 3705 645 3763 »μίμνει
667 3685 847 3764 euenere]
870 3685 1012 3766 virg-lib.
1024 3689 1157 3752 tmen.
1169 3690 1209 3765 [v.
1220 3687 1356 3769 305sqq.]

167 3769 284 3830 Bellum
304 3773 501 3850 importunum
523 3771 599 3830 einer
618 3793 684 3830 cnm
702 3787 788 3852 gente
807 3769 926 3830 deornm
943 3767 1120 3854 decimisque
1139 3775 1211 3833 uirs'e
1228 3779 1355 3856 gerimus,

167 3877 241 3940 quoe
254 3851 486 3940 nnllofurigunt
500 3851 635 3932 Proelia,
658 3877 710 3916 nec
724 3858 796 3916 uicti
804 3871 928 3936 perenne
943 3854 1082 3914 obsistere
1091 3855 1185 3940 ferre.

244 3943 301 4004 ¹60.
324 3937 466 4020 Dncrn]
479 3942 619 4018 sequimi,
633 3941 734 4013 sumit,
750 3951 914 4022 comperet.
939 3949 974 3998 ut
989 3940 1027 4000 de
1043 3941 1117 4003 Arte
1133 3950 1214 4022 pcdl.
1231 3939 1354 4024 [mm]

165 4037 192 4082 et
203 4045 289 4083 uerus
303 4021 373 4084 linc
390 4021 495 4083 «lucere
507 4045 600 4083 eruces.
625 4033 655 4083 el
674 4027 771 4104 Selyr.
789 4031 817 4090 1.
831 4025 884 4090 lib.
902 4031 931 4090 Ω.
947 4023 988 4104 [ν’.
1005 4026 1069 4107 66.]
1086 4041 1138 4086 nul
1153 4029 1206 4109 qui
1221 4025 1309 4089 demit
1321 4023 1353 4084 nb

164 4129 307 4188 oppresso
316 4109 448 4167 meritum
464 4103 650 4189 Karthagine
662 4131 776 4170 nomen.
1167 4117 1170 4129 '

156 4199 162 4208 '
247 4196 299 4256 61.
322 4191 402 4251 Non
422 4213 510 4254 nro.
533 4213 653 4251 seeeo
678 4191 806 4278 uorem]
830 4177 1112 4274 liydremdlceeus
1131 4195 1351 4275 ἒννεακέφαλαν,

162 4273 274 4352 idest,
296 4295 403 4338 novem
425 4277 573 4356 crpitum,
594 4277 762 4339 Simonides
778 4279 1110 4359 πεντηκοντακέφαλον,
1131 4283 1242 4356 idest,
1266 4283 1350 4360 quin-

131 4363 134 4370 '
163 4361 305 4439 quaginta
329 4364 460 4441 crpitum
484 4364 564 4432 lecit.
581 4361 716 4423 bsnc'r'n
738 4365 830 4425 bema
853 4365 1072 4428 delitescentem
1097 4365 1237 4446 (Lernm
1258 4377 1347 4424 sutem

160 4445 211 4503 slii
230 4447 358 4526 sontem,
382 4445 432 4505 elii
453 4448 552 4508 locum
574 4447 666 4508 dense
688 4449 771 4510 nilve
793 4451 922 4510 obsitum
949 4450 1041 4510 fuirse
1061 4449 1183 4532 volunt)
1209 4451 1347 4512 interiecit

157 4529 310 4594 Hercules.
361 4533 523 4594 l’uusenise
546 4532 680 4602 Corinth.
706 4545 808 4598 narres
830 4535 960 4618 hydram
988 4537 1057 4598 sub'
1069 4519 1193 4618 plelcno
1220 4537 1344 4620 quedem,
