2884 5044
130 285 150 345 a
228 304 230 309 ·
520 262 976 338 flolld'l'll‘Cdlilled.

130 447 222 522 Quod
242 445 354 528 siquis
369 452 510 524 quaerat,
536 443 729 525 quamobrem
744 451 932 526 quaesturam
950 463 967 507 s
983 462 1108 508 numero
1129 441 1337 505 triombonc-
1427 449 1428 500 ζ

20 589 22 602 ,
130 553 197 602 rum
212 528 335 611 tollam,
365 529 539 609 praescitim
563 551 632 592 cum
652 531 770 626 primus
789 533 978 610 magistratus
1000 533 1134 594 urbanus
1153 527 1338 606 nominetur,
1427 563 1428 600 3

85 613 94 639 ³
131 618 162 680 ei
181 619 220 682 M.
244 619 324 679 Tull.
348 616 416 680 Ver.
436 635 494 678 vu.
513 615 759 708 [det.1r,6,14,
778 613 846 696 85.]
867 615 991 676 honoris
1012 616 1134 676 nomine
1159 616 1273 678 alliciat
1289 615 1339 676 his
1427 677 1428 690 ,

131 705 247 779 verbis,
269 706 316 762 ita
328 721 398 762 surra
414 701 694 783 quaestorfortua,
717 715 754 760 ut
772 703 851 762 milri
861 702 945 762 lirino
957 702 1098 762 bonorem
1111 723 1173 766 non
1188 701 1339 780 delatum,
1427 753 1428 760 ,

131 787 187 848 ssd
206 791 401 868 commissum
422 787 570 848 arbitrer.-
593 788 798 870 respondebo,
831 789 1037 868 magistratum
1059 787 1180 868 quidem
1199 788 1296 850 fuisse
1309 797 1340 848 et
1427 785 1428 794 ’

132 876 294 952 bonorem,
316 875 369 934 sed
391 891 454 936 non
477 874 614 934 curulem
638 883 669 934 et
691 873 831 956 minimae
853 872 1058 957 auctoritatis,
1080 872 1255 954 nulliusque
1276 873 1340 934 iere
1377 937 1387 952 .
1427 881 1428 888 ’

132 962 258 1044 imperii.
300 959 405 1038 ltaque
417 959 498 1019 idern
511 959 552 1019 Μ.
568 959 648 1021 Tull.
664 959 716 1020 lib.
726 967 755 1026 2.
775 959 857 1039 [dot.
871 981 894 1038 1,
915 959 945 1035 4,
964 956 1028 1038 11.]
1051 967 1179 1023 accusat.
1206 957 1340 1040 primum
1427 991 1428 1018 r

132 1045 257 1108 bonoria
286 1045 412 1124 madum
441 1044 592 1121 nominat,
614 1065 673 1104 noe
699 1041 854 1110 honorem.
884 1043 993 1104 deinde
1006 1053 1176 1124 quaestores
1188 1043 1341 1104 dabantur
1427 1087 1428 1120 3

51 1181 57 1192 .
71 1123 76 1140 ’
132 1131 321 1214 praetoribus
332 1140 362 1190 et
374 1129 546 1190 consulibua
557 1140 701 1210 tanquam
715 1129 866 1214 adjutores
880 1140 911 1190 et
923 1128 1091 1190 administri
1105 1129 1238 1209 quidam.
1251 1129 1341 1190 Prae·
1427 1133 1428 1206 j

133 1219 214 1278 t'erea
231 1216 380 1298 quaestori
397 1225 519 1296 praetor
533 1217 666 1296 parentis
689 1225 753 1276 erat
769 1217 837 1276 loco
846 1263 855 1293 ,
876 1225 907 1276 et
922 1218 1061 1295 quaestor
1073 1216 1204 1296 praetori
1225 1215 1341 1276 libero-

133 1301 221 1379 re'am,
244 1312 280 1362 ut
295 1321 333 1360 ex
349 1301 450 1360 multis
463 1301 503 1365 ld.
525 1301 618 1362 Tullii
637 1301 713 1364 locis
731 1301 898 1380 intelligere
914 1302 997 1366 licet.
1048 1299 1124 1360 Tum
1149 1321 1223 1360 vero
1245 1321 1342 1381 quse-

133 1398 245 1450 storem
260 1397 383 1468 praetor
397 1397 515 1468 poterat
527 1393 675 1448 coercere.
692 1385 770 1467 ,quin
785 1388 874 1448 stiam
887 1385 1003 1448 homini
1015 1385 1135 1467 privato
1150 1387 1257 1446 licebat
1272 1407 1342 1446 eum
1427 1373 1428 1396 ¹

71 1485 76 1492 '
134 1475 166 1533 in
183 1474 230 1532 ius
243 1494 360 1534 vocare.
403 1473 506 1552 Neque
524 1482 625 1532 autem
639 1473 845 1549 vocationem,
867 1489 964 1552 neque
980 1471 1250 1552 prehensionemin
1264 1473 1343 1546 urbe

134 1558 277 1618 habebat:
300 1579 370 1636 ergo
384 1577 483 1637 neque
496 1557 651 1636 lictorem,
675 1578 773 1638 neque
784 1559 938 1634 viatorem,
960 1567 997 1640 ut
1008 1557 1113 1617 scribit
1124 1559 1159 1619 Δ.
1174 1557 1290 1617 Gallina
1305 1578 1343 1617 ex
1427 1549 1428 1640 J

103 1665 106 1672 ’
135 1644 287 1717 Varrone:
309 1642 509 1722 quod'tamen
523 1661 630 1704 verum
648 1663 712 1703 non
730 1653 785 1708 est.
805 1663 875 1704 nam
897 1645 991 1702 fasces
1014 1653 1045 1702 et
1062 1643 1183 1704 lictores
1201 1641 1347 1704 habuisse
1427 1653 1428 1722 l

135 1729 330 1811 perspicuum
344 1737 440 1788 estex
454 1728 589 1788 oratione
601 1749 658 1810 pro
674 1727 807 1789 Plancio.
849 1731 1004 1789 Postremo
1019 1729 1143 1790 fortasse
1159 1727 1218 1788 dici
1229 1739 1343 1810 potest,

136 1823 324 1896 quaestorem
337 1834 400 1873 non
414 1811 554 1880 babuisse
566 1813 730 1898 sententiae
743 1813 776 1874 in
788 1823 895 1898 senatu
912 1811 1056 1873 dicendae
1070 1824 1269 1896 potestatem:
1290 1813 1345 1874 sed
1427 1827 1428 1854 t

136 1899 344 1977 tantummodo
356 1898 484 1980 pedibus
496 1899 528 1958 in
542 1900 671 1960 aliorum
687 1899 862 1960 sententiam
878 1897 1029 1968 discedere
1045 1899 1167 1959 solitum
1182 1920 1260 1960 esse:
1283 1919 1343 1978 qua
1427 1923 1428 1970 3

66 2031 78 2048 s
137 1985 174 2045 de
190 2005 224 2046 re
241 1993 341 2046 tamen
356 1983 435 2044 nihil
445 1983 573 2048 stirme.
602 2003 687 2064 agere
701 1973 823 2066 quiidem
836 2005 904 2066 cum
924 1984 1039 2066 populo
1051 1995 1081 2044 et
1094 1984 1270 2045 concionem
1286 1984 1343 2072 h.⁸'
1427 2003 1428 2022 ¹

123 2072 206 2132 ‘bere
225 2087 281 2130 suo
303 2070 371 2140 iurev
392 2089 455 2128 non
476 2079 604 2150 poterat.
624 2090 722 2150 neque
747 2081 792 2130 est
813 2069 899 2149 quod
919 2069 1077 2151 quisquam
1090 2069 1166 2130 mihi
1183 2071 1284 2146 dicat,
1307 2069 1344 2144 ei,
1427 2067 1428 2118 l

137 2155 188 2236 qni
202 2164 341 2236 quaestor
357 2175 420 2216 non
434 2155 557 2232 suisset,
578 2175 641 2215 non
652 2153 776 2216 licuisse
789 2157 915 2236 majores
932 2165 1031 2236 petere
1046 2155 1251 2236 magistratus:
1273 2175 1345 2234 ergo
1427 2155 1428 2190 l

137 2249 327 2320 quaesturam
342 2257 429 2302 suum
443 2240 478 2300 in
488 2239 655 2302 bonoribus
667 2229 771 2300 locum
784 2241 891 2322 debere
905 2239 1049 2305 obtinere.
1071 2241 1110 2302 sd
1124 2241 1184 2302 boc
1198 2241 1280 2300 enim
1294 2259 1346 2300 re-
1427 2301 1428 2308 ,

137 2327 300 2405 spondebo,
312 2335 399 2386 tanto
412 2325 508 2405 magis
520 2345 585 2386 sam
599 2325 631 2384 in
644 2323 854 2406 enumerandis
866 2323 1034 2386 bonoribus
1048 2325 1135 2386 nobis
1153 2325 1346 2406 praetermit-
1427 2335 1428 2404 ᾗ

116 2410 121 2421 “
136 2407 321 2477 tere-licere,
336 2421 496 2488 propterea
509 2409 693 2488 quodetiam
708 2409 735 2469 si
747 2429 811 2470 non
826 2417 1019 2484 numeretur,
1036 2411 1170 2490 reliquos
1183 2411 1347 2490 magistra-

13 2501 22 2508 ·
137 2495 188 2545 tus
210 2495 311 2544 umen
329 2490 523 2552 antecessisse
543 2495 738 2572 intelligetur.
779 2495 824 2551 De
846 2493 997 2550 aedilitate
1017 2496 1131 2566 maiore
1154 2505 1254 2568 sutem
1274 2513 1346 2554 cum

137 2566 234 2626 multe
256 2567 321 2627 dici
333 2565 470 2645 possint,
493 2573 685 2644 quamobrem
699 2567 731 2628 in
745 2569 897 2632 honorum
913 2593 1039 2634 numero
1055 2574 1095 2634 sit
1106 2575 1258 2655 habende,
1277 2588 1347 2640 tum

1390 2639 1398 2654 ,
1427 2589 1428 2656 l

87 2682 94 2696 .
138 2671 175 2710 ss
185 2651 313 2706 maltum
327 2649 457 2746 valent,
467 2670 543 2728 quae
555 2652 661 2711 scribit
673 2653 713 2716 M.
729 2655 809 2714 Tull.
824 2656 876 2719 lib.
891 2658 921 2722 5.
944 2657 1023 2738 [Act.
1038 2679 1073 2738 rr,
1088 2661 1117 2733 5,
1135 2663 1187 2740 15,
1199 2663 1266 2746 36.]
1290 2685 1346 2724 ac-

139 2741 231 2794 cnsat.
250 2732 287 2790 da
302 2751 356 2792 sua
369 2733 522 2794 aedilitate
538 2736 630 2796 rerba
643 2738 772 2801 faciens:
798 2741 843 2801 Ob
856 2735 965 2802 e'arum
975 2765 1079 2804 reram
1092 2745 1225 2806 laborem
1238 2759 1266 2806 et
1278 2751 1347 2809 sol·
1427 2757 1428 2814 l

139 2815 333 2876 licitnsiinem
340 2819 475 2896 fructus
496 2821 570 2878 illos
589 2819 696 2898 dotas,
717 2827 922 2908 antiquiorem
942 2831 976 2898 in
990 2843 1100 2890 aeremia
1114 2837 1278 2894 sententie
1291 2833 1345 2894 di-
1427 2835 1428 2860 ¹

139 2901 251 2960 candoe
267 2903 384 2991 locum,
404 2913 509 2984 togam
518 2917 726 2988 praetentnnsg
747 2911 1020 2990 aellamourulem,
1046 2919 1115 2994 ius,
1136 2922 1288 3000 imagines
1301 2921 1348 2981 od
1427 2955 1428 2970 a

139 2991 317 3049 memoriam
331 2993 602 3072 posteritatemque
613 2991 814 3077 prodendam.
865 2999 941 3060 Nem
950 3019 991 3058 ex
1003 3000 1056 3061 illo
1070 3002 1139 3062 loco
1148 3006 1346 3086 perspicuum
1427 2981 1428 3054 l

95 3128 102 3156 χ
139 3093 201 3134 esse
225 3081 342 3154 potest,
370 3083 519 3152 quantum
543 3077 697 3157 dignitatis
726 3091 814 3161 atque
839 3083 1048 3164 amplitudinis
1068 3085 1173 3149 afferat
1197 3091 1345 3156 aedilitas.
1427 3087 1428 3104 ¹

137 3159 293 3240 Praeterea
308 3159 398 3218 aedili
413 3161 588 3222 concionem
604 3163 752 3227 advocare
767 3176 877 3230 etcum
890 3169 1005 3252 populo
1020 3191 1104 3251 agere
1114 3173 1241 3254 licebat,
1260 3175 1344 3258 quod

137 3265 201 3306 non
213 3244 272 3307 nisi
285 3245 393 3304 maiori
404 3247 593 3325 magistratui
603 3249 722 3328 licebat.
767 3253 912 3326 Quamvis
925 3265 1024 3316 autem
1038 3268 1210 3338 praeturam
1223 3271 1252 3322 et
1265 3283 1344 3323 con·
1427 3271 1428 3332 i

77 3391 89 3420 r
139 3329 273 3389 sulatum
291 3328 424 3396 obtinere
441 3343 577 3412 poterat,
600 3335 653 3416 qui
679 3335 859 3398 aedilitatem
880 3359 943 3400 non
963 3342 1116 3420 gessisset:
1137 3329 1224 3426 saepe
1241 3357 1344 3408 temen
1427 3345 1428 3366 ¹

138 3415 308 3492 accidebat,
328 3425 366 3474 at
381 3416 584 3478 offenderetur
600 3423 752 3504 populus,
773 3423 799 3483 si
817 3425 883 3503 quis
899 3424 1082 3489 ‘aedilitatem
1098 3449 1160 3490 non
1176 3433 1344 3512 petivisset

81 3585 85 3596 '
138 3501 213 3560 Nam
238 3500 271 3559 in
292 3499 492 3592 suspicionem
513 3504 722 3568 illiberalitatis
739 3518 768 3570 et
784 3509 925 3571 avaritiae
938 3511 1090 3573 veniebat:
1114 3517 1343 3595 quoddeclsrat
1427 3509 1428 3574 l

138 3588 224 3646 locus
239 3587 291 3644 ille
306 3587 459 3647 Ciceronis
477 3589 530 3649 lib.
544 3589 581 3650 de
595 3591 684 3651 uffae.
699 3594 831 3657 secundo
845 3593 884 3674 [c.
899 3595 961 3676 17.]
987 3596 1035 3656 his
1048 3601 1165 3678 verbis,
1201 3605 1343 3664 thnda
1427 3621 1428 3666 l

139 3683 240 3733 tuanen
253 3681 297 3728 est
309 3676 445 3752 auspicio
458 3679 622 3736 avarities.
652 3679 735 3736 Nom
750 3681 917 3759 Mamerco,
935 3681 1053 3742 bomini
1067 3683 1219 3747 ditis-siano
1229 3734 1236 3765 ,
1244 3713 1342 3770 prae-
1427 3715 1428 3738 ³

140 3759 288 3814 irremissio
300 3755 472 3820 aedilitatis
489 3763 672 3821 consulatus
684 3765 839 3844 repulsam
851 3767 971 3831 attulit.
1011 3769 1056 3830 Ne
1067 3771 1145 3832 illud
1159 3774 1278 3865 quidem
1293 3797 1342 3838 me
1408 3827 1412 3833 .

139 3851 255 3918 movet,
278 3843 360 3920 quod
386 3845 490 3922 multi,
505 3847 663 3911 aedilitatis
684 3851 836 3930 repulsam
855 3851 951 3932 passi,
979 3865 1129 3934 praetores
1152 3869 1181 3918 et
1202 3863 1341 3922 consules

13 4003 27 4020 φ
139 3925 212 3988 iacti
226 3937 305 3986 sunt.
351 3927 385 3986 ld
401 3930 480 3989 enim
497 3933 689 3996 comitiorum
702 3936 921 3999 inconstantiae
936 3940 1103 4020 popudique
1116 3943 1231 4004 levitati
1243 3949 1340 4008 ascri-
1380 3999 1385 4004 .
1427 3923 1428 3926 Ἴ

13 4099 14 4102 ¹
139 4011 272 4072 bendum
287 4020 341 4074 sat.
382 4013 538 4076 Postremo
555 4017 940 4090 nudiustertianus.
957 4022 1062 4106 [3,7.]
1081 4027 1265 4110 dlelegibus,
1286 4053 1339 4092 se·
1427 4035 1428 4092 i

139 4098 286 4157 dilitatem
306 4097 437 4180 primum
461 4121 616 4162 ascensum
640 4103 733 4164 fnisse
746 4105 784 4169 ad
799 4107 953 4188 amplioris
964 4109 1088 4172 honoris
1101 4115 1235 4192 gradum.
1276 4118 1340 4178 lam

141 4183 212 4242 uero
229 4183 267 4244 de
286 4193 427 4266 praetura
445 4186 520 4267 quin
539 4207 572 4246 eo
587 4189 754 4250 secundum
768 4189 872 4252 locum
890 4212 948 4254 suo
963 4195 1182 4275 quodammodo
1199 4202 1267 4264 iura
1281 4204 1340 4263 sibi
1427 4239 1428 4252 .

81 4311 97 4324 .
138 4267 293 4350 vendicet,
306 4289 424 4346 nemo,
446 4269 568 4350 opinor,
591 4273 749 4334 dubitabat.
796 4277 950 4339 Praetores
974 4280 1053 4342 enim
1069 4283 1247 4354 ⁸absentibus
1260 4309 1339 4349 con·
1396 4299 1398 4306 '
1427 4261 1428 4318 l

139 4351 263 4414 salibus*
276 4355 433 4416 consulare
444 4375 555 4418 munus
569 4358 744 4420 obtinebant
754 4363 990 4428 moremaiornm
997 4409 1007 4444 ,
1029 4375 1064 4426 ut
1077 4369 1189 4430 scribit·
1198 4373 1239 4433 Μ.
1257 4375 1337 4435 Tull.

13 4523 14 4536 χ
140 4439 226 4538 epist.
248 4440 297 4513 sd,
310 4441 455 4512 Plancum
476 4443 530 4505 lib.
553 4449 602 4510 10.
635 4452 665 4504 ct
687 4445 722 4506 T.
735 4445 838 4508 Livius
870 4449 921 4506 lib.
941 4455 971 4515 7.
1004 4451 1034 4530 [i.
1049 4451 1069 4516 l.
1083 4455 1113 4532 8,
1129 4458 1180 4522 32.
1197 4457 1262 4533 l„3‚
1274 4460 1337 4538 55]
1427 4471 1428 4534 ᾗ

13 4563 14 4622 j
139 4525 235 4634 trudat
254 4535 408 4608 praetores
429 4526 526 4589 dictes
551 4541 580 4591 et
605 4529 721 4593 habitos
747 4549 811 4594 essa
832 4535 988 4606 consulum
1009 4537 1147 4619 collegas.
1197 4544 1337 4626 Sequitur
