2894 5052
150 293 232 361 ars,
457 363 460 380 y
529 283 733 382 nonam
763 283 981 350 casurus.

151 460 230 520 diem
255 457 378 538 edemus
394 456 426 518 in
449 457 549 518 lucem
572 457 680 536 longe,
702 475 792 536 quam
811 465 913 542 antea,
937 455 1180 520 emendatiorem.
1217 455 1297 537 virg.
1320 456 1361 518 de

152 547 282 606 Vulcani
302 553 332 602 et
345 545 470 604 Veneria
495 544 657 602 concubitu
681 542 735 602 lib.
752 549 781 610 8.
807 543 853 622 [r.
870 539 935 610 4'0'5
951 543 1013 624 eq.]
1043 541 1169 626 Optatos
1190 539 1271 602 dedit
1294 567 1369 612 arra·v

151 627 261 714 plexus
275 625 486 712 placidumpre
504 629 605 709 petivit
622 624 762 708 Coniugis
782 626 902 710 infusus
920 629 1033 710 gremia
1048 652 1102 710 per
1120 625 1250 688 manbre
1269 649 1362 709 sope-

155 739 224 776 rem.
254 715 338 774 Idem
353 714 390 774 de
406 735 438 774 re
459 713 604 790 flagitiosa
621 714 747 774 Palaem.
761 711 837 792 [Ecl.
854 708 901 789 in,
917 721 937 782 8
952 711 1031 792 sqq.]
1054 711 1199 774 Nouimus
1213 727 1241 771 et
1257 715 1311 796 qui
1332 728 1363 772 ie

153 816 319 869 transversa
330 797 476 860 tuentibus
491 797 592 873 birris,
615 795 653 856 Et
668 819 736 880 qao,
760 797 812 857 sed
814 795 932 882 faciles
944 797 1100 881 Nymphae
1116 800 1216 873 risere,
1237 796 1362 858 sacello.

155 889 193 946 Et
209 885 318 956 Silene,
334 885 412 964 [lici.
427 905 469 957 vr,
489 888 529 950 25
543 881 603 963 aq.]
629 879 787 958 Carmina,
809 880 997 966 praecultis,
1019 884 1200 964 cognoscite:
1223 885 1362 943 carmina

126 1005 131 1020 .
153 969 252 1032 vobim
275 967 360 1030 Huic
373 965 458 1028 eliud
475 966 614 1028 mercedis
629 969 693 1027 erit.
730 967 792 1028 lam
808 969 891 1047 quod
908 968 1043 1038 adhunc
1059 968 1177 1027 Horatii
1193 969 1294 1035 locum
1307 977 1361 1028 at-

154 1057 246 1127 tinet,
269 1055 392 1114 Plautus
415 1053 517 1114 eadem
540 1053 735 1112 translatione
754 1073 829 1114 usus
848 1063 893 1114 eat
912 1053 943 1113 in
963 1053 1162 1128 Curculione,
1185 1053 1218 1134 [r,
1243 1061 1270 1131 1,
1291 1051 1360 1132 50.]

154 1141 261 1202 Iamne
275 1161 310 1198 eu
317 1137 386 1225 ferr
399 1133 525 1218 iugum?
551 1139 625 1198 Tam
641 1159 661 1204 a
676 1159 721 1198 me
731 1135 844 1219 pudice
859 1153 917 1214 est,
939 1159 1029 1221 quam
1045 1159 1109 1198 mea
1122 1141 1149 1198 si
1163 1159 1247 1197 soree
1260 1141 1325 1200 siet.

235 1231 269 1290 ἲ.
291 1226 466 1283 Noenum
487 1242 575 1284 uus.
600 1219 730 1302 coum]
753 1223 887 1283 nondum
911 1226 991 1300 eiua,
1015 1219 1083 1283 cudi
1103 1243 1164 1302 quo
1185 1225 1262 1284 sorte
1284 1243 1362 1286 con-

153 1313 312 1390 iungatur,
334 1315 441 1368 muntia
462 1329 630 1388 exaequare
654 1318 767 1388 potest:
792 1309 926 1368 nondum
941 1309 1009 1370 viro
1032 1309 1165 1389 patranti
1181 1309 1360 1390 accipiendo

154 1417 206 1458 seu
222 1395 323 1476 potius
340 1395 386 1469 (ut
400 1397 441 1454 ita
456 1393 568 1478 dicam)
586 1394 728 1474 patiendo
744 1395 927 1473 respondere
941 1403 1051 1474 potest.

238 1487 268 1546 8.
291 1480 366 1540 Nec
388 1495 508 1540 raunr
529 1499 587 1538 nu.
611 1479 654 1538 ln
676 1476 789 1562 vae]
814 1482 909 1554 tauri,
931 1479 1040 1555 idest,
1062 1478 1279 1552 iuvenisfirmi,
1295 1499 1361 1538 va-

152 1565 219 1640 lidi,
240 1565 348 1642 vegeti,
370 1563 409 1624 ad
430 1564 624 1623 concubitum
645 1563 767 1644 promti.
796 1564 847 1624 Sic
863 1565 921 1626 Od.
936 1585 993 1625 xrs.
1012 1565 1100 1644 epod.
1117 1565 1170 1644 [16
1184 1563 1241 1643 sep]
1257 1579 1360 1644 pereat

152 1647 241 1727 male,
254 1670 329 1732 quae
340 1663 377 1724 te,
391 1645 511 1724 Lesbia,
520 1647 673 1731 quaerenti
685 1663 802 1710 taurum
817 1651 991 1712 monstrauit
1003 1651 1133 1744 inprtem.
1155 1649 1240 1710 Alias
1254 1663 1360 1710 taurus

152 1743 292 1816 pareest
311 1735 404 1794 marla
425 1733 585 1794 obscaena.
1179 1814 1181 1824 ἵ

238 1825 268 1885 8.
293 1821 415 1892 Cerea
437 1839 649 1878 versarere
670 1817 750 1898 etc]
785 1827 869 1878 totus
892 1817 945 1878 bic
968 1819 1055 1880 locus
1079 1821 1231 1897 allegoriis
1258 1827 1359 1878 tectus

135 1895 209 1984 ἀι,
223 1905 265 1964 ita
281 1911 390 1978 tamen,
401 1913 437 1962 ut
452 1925 468 1962 a
485 1905 594 1983 quovis
607 1902 729 1964 bomine
745 1922 804 1964 non
819 1905 989 1964 tardissimo
1005 1905 1092 1964 facile
1107 1901 1236 1983 intelligi
1250 1905 1357 1984 possit.

237 1993 267 2054 7.
292 1989 507 2066 Souasrra]
530 1989 666 2049 levantis.
696 1989 745 2047 Sic
758 1989 836 2048 dixit
855 1989 937 2067 Virg.
960 1991 1051 2050 solari
1073 1991 1181 2050 samem
1200 1993 1314 2077 Georg.¹
1328 1995 1358 2056 1.

153 2077 194 2150 [Υ.
210 2077 293 2147 teu]
318 2069 524 2155 Concussuque
533 2071 653 2158 famem
669 2074 701 2134 in
720 2071 805 2134 siluis
822 2071 955 2133 solabere
967 2097 1084 2156 querca.
1290 2075 1293 2080 ⁴

238 2155 661 2238 9rPuanossr1eur1a]
690 2175 872 2234 magnopere
897 2159 1060 2238 cupientia,
1082 2160 1171 2220 valde
1194 2157 1358 2235 gestientis.

151 2241 203 2300 Sic
219 2243 362 2302 Priscian.
381 2242 516 2302 declarat
531 2239 584 2298 lib.
601 2241 664 2313 15„
678 2228 731 2298 ubi
746 2238 826 2298 bunc
842 2241 941 2300 locutn
957 2253 1061 2304 testem
1075 2243 1227 2324 producit.
1256 2245 1358 2304 Utitur

153 2328 183 2376 et
194 2318 301 2378 Catuli.
316 2328 349 2378 iu
365 2346 456 2384 carm.
471 2323 507 2384 de
521 2323 600 2382 Pelei
615 2335 646 2382 at
659 2321 745 2382 Thes.
763 2335 846 2404 nupt.
863 2323 960 2404 sextu,
977 2331 1036 2394 145
1052 2330 1110 2409 sep]
1132 2327 1277 2408 Quidum
1293 2327 1358 2390 alt-

25 2397 31 2420 '
119 2400 228 2482 equid
244 2405 363 2484 cupiens
378 2411 494 2468 animus
507 2410 664 2488 praegestit
680 2410 791 2488 apisci,
812 2405 870 2468 Nil
882 2425 1013 2472 metuunt
1029 2415 1134 2474 iurare.
1177 2413 1284 2474 Festus
1301 2435 1358 2476 su·

153 2491 419 2566 temerariarum
438 2489 528 2564 dicit,
553 2493 605 2570 qui
620 2492 717 2550 subita
736 2493 881 2554 felicitate
900 2495 1092 2560 exhilaratus
1111 2499 1203 2584 nimie
1221 2501 1357 2580 corporis

34 2595 41 2610 ’
153 2580 239 2632 motu
255 2583 375 2652 praeter
393 2575 638 2638 consuetudinem
655 2577 795 2640 exsultet.
903 2641 906 2647 ,

238 2661 269 2722 9.
291 2659 419 2717 Torua
443 2659 674 2743 curiensem]
697 2663 753 2722 alia
770 2663 923 2742 allegoria.
945 2667 1075 2728 animum
1093 2669 1214 2728 contine
1229 2681 1259 2730 et
1274 2691 1357 2732 com-

94 2797 97 2805 ,
151 2741 249 2822 prime
272 2763 289 2800 a
309 2743 472 2823 cupiditate
493 2765 569 2805 uvae
589 2746 785 2823 immaturae,
807 2750 838 2810 nt
860 2761 921 2825 eat,
945 2755 1062 2832 puellae
1082 2755 1246 2833 impuberis
1265 2768 1295 2816 et
1316 2759 1357 2817 a'd

154 2825 348 2905 concubitum
371 2839 497 2910 propter
517 2831 695 2902 teneriorem
723 2843 849 2896 aetatem
875 2836 1005 2916 ineptae.
1060 2841 1263 2917 Auctumnus,
1291 2863 1355 2922 quo

152 2913 223 2972 anni
235 2921 370 2992 tempora
388 2914 506 2974 tructus
522 2936 624 2976 omnes
647 2925 850 2995 maturantur,
871 2941 1007 2984 racemos
1022 2923 1078 2984 tibi
1096 2925 1233 2986 caeruleo
1249 2929 1356 2988 colora

151 2997 303 3077 depinget,
326 2999 437 3075 idest,
459 3011 578 3080 tempus
592 3003 791 3082 subsequens,
813 3024 892 3064 unus
913 3012 1026 3068 etitem
1044 3013 1120 3070 alter
1136 3031 1241 3085 annue,
1265 3015 1357 3092 puel-

151 3083 211 3141 lam
226 3081 313 3143 istam
327 3085 381 3144 tibi
398 3085 567 3146 maturabit.
610 3087 750 3148 Fortasse
765 3099 862 3150 autem
879 3091 917 3150 ad
932 3111 1043 3184 nomen,
1055 3097 1203 3156 Graecum
1218 3101 1356 3177 respexit

58 3201 61 3210 =
152 3162 294 3250 e'rroippr,
317 3169 398 3248 quod
415 3171 495 3250 apud
513 3171 642 3230 Graecos
661 3181 726 3232 tum
740 3183 933 3236 aucturnnum
950 3187 1015 3238 tum
1030 3191 1154 3240 aemtem
1172 3183 1251 3240 illam
1266 3186 1356 3262 puel-

151 3253 248 3312 larum
270 3253 309 3314 ad
329 3255 472 3314 Venerem
490 3266 520 3314 et
541 3257 710 3334 coniugium
727 3270 873 3325 maturam
891 3261 1042 3338 significat.
1085 3268 1135 3326 Sic
1154 3277 1184 3326 ct
1202 3269 1353 3330 Pindarus

153 3339 208 3400 eid.
228 3331 262 3418 β.
287 3337 371 3420 ὶσθμ.
396 3337 437 3418 [r.
456 3337 498 3418 8.]
521 3361 684 3420 puerorum
703 3353 829 3404 aetatem
846 3355 978 3408 teneram
1000 3359 1029 3409 et
1053 3351 1096 3410 ad*
1114 3353 1256 3431 puerileis
1281 3353 1353 3414 illos

150 3443 284 3499 amores,
307 3425 414 3502 quibus
428 3424 572 3503 flagitiose
592 3427 736 3488 ardebant
750 3442 882 3505 veteres,
905 3435 1049 3494 inituram
1066 3432 1192 3516 decipiar
1209 3440 1353 3518 appellat.
1433 3479 1434 3493 .

120 3559 124 3566 .
238 3514 288 3574 12.
311 3509 676 3573 Punruaeovanrus
700 3515 876 3595 coneus]
903 3517 1009 3592 idest,
1033 3521 1352 3584 distinctuaetorna-
1432 3583 1433 3602 ,

153 3601 204 3654 tas
222 3613 378 3674 purpureo
394 3597 513 3668 colore,
533 3597 565 3656 id
581 3608 626 3658 est
636 3643 645 3673 ,
668 3601 764 3678 pomis
780 3610 810 3662 et
825 3602 891 3662 uvis
904 3608 1047 3683 purpurei
1060 3608 1180 3668 colaria.
1225 3608 1264 3671 V
1258 3613 1351 3687 eries,
1432 3625 1433 3633 ’

18 3705 25 3714 ’
151 3677 211 3738 nisi
231 3679 335 3756 fallor,
356 3680 434 3741 idem
456 3681 518 3740 sere
541 3683 636 3758 valet,
660 3685 741 3762 quod
762 3687 1006 3765 πεποικιλμένος,
1035 3691 1068 3749 id
1091 3703 1155 3769 eat,
1186 3693 1351 3757 distinctus
1431 3697 1432 3756 i

152 3783 188 3822 ac
204 3761 351 3844 depictus.
374 3766 442 3825 Huc
456 3767 587 3846 pertinet
600 3769 676 3827 illud
690 3769 747 3831 Od.
758 3791 791 3832 rr.
805 3771 893 3850 epod.
910 3779 1018 3847 [V.20.l
1042 3774 1204 3837 Certentem
1217 3795 1244 3839 et
1259 3803 1350 3842 uuam
1431 3765 1432 3775 ἵ

148 3869 304 3928 purpurae.
347 3850 405 3910 Sed
422 3873 480 3910 non
500 3854 602 3912 celabo
622 3854 780 3931 lectorem,
802 3856 895 3916 libros
913 3862 1075 3920 nonrrullos
1090 3873 1206 3924 veteres
1225 3865 1350 3942 habere,

147 3929 316 4013 Purpureae
339 3938 423 3996 uaria
451 3935 561 4013 colore,
592 3959 665 4016 quos
688 3961 747 3998 non
773 3958 897 4020 sequor:
921 3965 1019 4022 usque
1040 3957 1138 4008 umen
1162 3949 1288 4027 damno,
1321 3955 1349 4012 ai

147 4018 217 4096 quis
235 4019 313 4078 sorte
324 4017 382 4080 bac
396 4021 523 4082 lectione
541 4025 634 4101 magia
655 4023 829 4088 delectatur.
1204 4049 1206 4056 ’

233 4110 282 4170 13.
304 4105 452 4184 Cuaprr
474 4127 569 4180 euru
587 4129 713 4168 senex
735 4114 880 4194 Aurae]
903 4115 1075 4179 aic0d.xr.
1093 4119 1144 4178 lib.
1161 4121 1347 4202 2.[v.5sq.]

56 4199 67 4240 .·
143 4182 228 4268 sugit
240 4205 317 4250 retro
329 4189 438 4251 Laevia
456 4189 600 4253 luumtas.
620 4205 653 4252 et
666 4194 723 4254 od.
735 4216 800 4254 xiv.
820 4198 909 4273 [init]
939 4199 1028 4275 Eheu,
1040 4201 1181 4284 sugeres,
1197 4205 1349 4284 Postume,

26 4353 30 4368 ⁸
143 4269 298 4348 Postume,
319 4273 478 4336 Labuntur
498 4279 578 4341 anni.
628 4278 738 4340 Verum
757 4301 816 4340 non
832 4283 891 4342 boc
912 4288 1009 4348 solum
1027 4289 1174 4364 significat
1190 4291 1348 4369 Horatius,

144 4375 238 4418 aanor
253 4359 313 4418 labi
336 4371 367 4420 et
380 4358 491 4436 fluere,
511 4363 566 4422 sed
586 4365 733 4446 puerilem
755 4377 880 4430 aetatem
903 4373 939 4430 ad
959 4374 1162 4434 maturitatem
1176 4397 1211 4434 ac
1227 4378 1347 4457 puber-

143 4447 234 4503 tatem
249 4445 389 4506 coleriter
400 4447 571 4526 pervenire,
593 4451 845 4528 quemadmodum
857 4465 891 4515 et
906 4457 1136 4520 adolescentiam
1154 4473 1347 4546 aetatemque

139 4527 267 4589 mediam
286 4529 326 4592 ad
340 4541 523 4592 senectutem
538 4551 673 4613 vergere.
