2884 5044
95 258 209 360 [sa
270 297 273 302 ·
490 205 996 335 'aaaarsrcaauma
1074 211 1078 218 ¹

117 455 119 469 ¹
167 459 236 503 oum
256 437 316 500 hec
335 437 443 500 emtiat
457 435 616 517 Horatios,
640 437 802 499 nonnullos
824 458 903 514 esse,
927 439 979 518 qui
1001 438 1059 500 toti
1079 447 1150 500 sunt
1165 435 1315 519 occupati
1342 438 1383 496 in

166 522 325 612 laudandis
347 521 488 602 Athenis,
518 525 592 586 urbe
618 525 763 600 Palladis,
785 543 884 586 nonne
906 526 1007 606 aptius
1022 523 1166 586 cohaeret
1187 523 1247 584 hoc
1270 524 1382 584 stetim

167 612 345 684 subiectum,
361 621 388 667 et
404 613 438 668 in
451 611 536 670 oliva
552 608 694 670 ommibus
705 609 877 690 frondibus
889 609 1114 690 ammonendo,
1137 629 1227 690 quam
1243 609 1337 683 illud,
1353 620 1387 665 et

166 701 200 756 ἐπ
214 693 385 780 οοΙΙίρςπιίο
403 697 543 776 oleagino
557 701 674 755 termite
689 719 723 756 ex
738 698 821 754 omni
835 708 1015 774 argumento
1032 709 1060 756 et
1076 717 1110 754 ex
1133 715 1165 754 eo
1189 717 1305 755 corona
1326 717 1384 754 ne-

166 779 300 842 ctenda?
321 791 524 840 verumtamen
537 782 563 842 si
579 783 648 861 quis
661 783 842 862 scripturam
855 781 1006 864 antiquam
1019 782 1118 864 pluris
1138 781 1230 842 saciet
1247 791 1277 842 et
1293 779 1386 840 hauc

166 867 337 942 damnabit,
358 887 421 926 non
436 867 574 946 equidem
591 869 772 928 reclamaho.

160 981 165 992 '
250 979 284 1043 8.
295 973 506 1033 ‘Panaenus
531 973 592 1054 rs]
614 975 717 1050 idest,
740 956 864 1056 plurimi
883 973 955 1034 dum
975 973 1080 1034 lunoni
1099 973 1259 1054 gratificari
1275 971 1383 1032 etho-

165 1079 270 1120 norem
282 1057 393 1118 habere
406 1059 524 1132 volunt,
548 1061 644 1138 Argos
661 1061 768 1122 dicunt
782 1083 846 1121 esse
861 1061 974 1138 magnis
993 1073 1022 1120 et
1034 1059 1103 1120 latis
1117 1059 1220 1139 spatiis
1235 1059 1384 1137 explica-

165 1155 242 1222 tum,
263 1155 293 1206 et
309 1145 350 1204 itu
373 1142 411 1203 ad
432 1154 579 1224 equorum
599 1167 719 1206 cursum
747 1151 859 1226 aptum.
913 1145 1115 1224 Nam-Graeci
1134 1151 1242 1224 poetae
1255 1141 1385 1224 ’Ἄργος

165 1231 290 1293 ἵππειον
311 1229 479 1289 nominant:
503 1239 538 1290 ut
556 1231 661 1334 Eurip.
679 1232 712 1292 in
731 1229 828 1311 Iphig.
849 1231 881 1290 in
900 1231 1022 1308 Tauris,
1050 1227 1154 1312 [688]
1178 1223 1251 1292 ὅταν
1265 1227 1386 1302 ἔςἙλ-

166 1309 255 1392 λάθ’,
277 1298 400 1378 ἵππειον
419 1309 578 1398 τ”Αργος
601 1322 705 1403 palpo,
729 1315 848 1398 [Suppl.
870 1316 956 1396 863.]
986 1309 1222 1403 οἰβῐππὸβοτον,
1249 1313 1383 1376 Homer.

167 1393 259 1466 raras.
273 1394 309 1484 γ’.
326 1405 389 1476 ns,
407 1387 444 1481 a,
461 1405 545 1476 esa]
558 1398 675 1482 ”Aaron
688 1403 718 1476 ις
731 1397 909 1483 teneam.
927 1411 957 1462 a
973 1400 1101 1462 auson.
1118 1393 1241 1463 naar.
1272 1392 1383 1480 [sas]

160 1483 233 1550 'irael
250 1483 329 1566 psile
343 1481 439 1550 πολλοὶ
459 1491 547 1548 θοῶν
573 1481 697 1568 ἐξήρατ’
718 1483 965 1570 α’ντόνωνἎργετ
989 1486 1023 1551 ἐν
1045 1479 1199 1570 ἱπποβότῳ
1221 1479 1383 1565 παρήλια.

60 1603 65 1610 ·
167 1573 230 1632 lam
247 1568 336 1636 usto.
359 1566 394 1635 θ’.
417 1569 494 1652 [52]
519 1571 592 1631 luno
612 1575 663 1650 ait,
685 1573 743 1634 sibi
758 1573 831 1632 treis
851 1573 951 1633 urbeis
974 1593 1040 1632 esse
1057 1569 1242 1644 carissimas:
1265 1569 1383 1648 Argos,

130 1660 134 1668 ’
167 1661 323 1735 Spartam,
345 1657 496 1738 Mycenas.
510 1653 628 1739 ’Ἄργος
645 1681 691 1734 τε,
713 1653 839 1738 Σπάρτη
858 1681 905 1736 τε,
926 1656 978 1722 nul
995 1651 1155 1740 edpvdyesu
1173 1651 1322 1736 Messian.
1350 1665 1385 1714 et

168 1742 327 1817 Pindarus,
350 1766 414 1822 νεμ.
430 1743 484 1804 eid.
500 1734 529 1804 τ’.
546 1741 591 1822 [ν.
601 1743 646 1824 8.]
661 1737 881 1825 ’Ἄργος-Ἥρας
896 1745 984 1825 doipo
997 1739 1168 1826 θεοπρεπὲς
1183 1741 1329 1824 appellat,
1345 1740 1385 1800 id

169 1839 232 1907 est,
255 1831 378 1889 domum
394 1827 517 1887 lunonis
533 1827 672 1888 decoram
689 1839 720 1890 ct
734 1829 790 1892 dee
806 1826 936 1908 dignam.
1261 1833 1278 1858 ⁸

148 1985 151 1996 .
254 1939 285 2002 9.
307 1935 522 2005 Derriopos
545 1935 748 2018 Meuanas]
774 1936 925 2016 expressit
940 1936 1086 1996 Graecum
1103 1932 1270 2014 epithetum
1282 1935 1383 1994 πολυ.

168 2013 314 2102 χρόνους,
336 2021 419 2100 quod
435 2021 560 2080 ascribit
575 2021 710 2100 Mycenis
719 2020 885 2105 Sophocles
901 2023 934 2084 iu
946 2023 1078 2098 Electra,
1091 2017 1148 2103 [a]
1165 2013 1383 2100 φάοπεινΜυ-

169 2101 269 2190 κήνας
284 2103 338 2180 τὰς
355 2101 564 2190 πολυχρύσους
579 2103 666 2192 cippis.
980 2179 983 2186 Ι
1115 2186 1119 2192 ¹

135 2287 139 2294 ‚
202 2253 211 2282 τ
257 2219 307 2282 10.
330 2213 386 2274 Me
410 2233 479 2274 eac
507 2235 587 2274 rare
607 2233 779 2275 sarsana
806 2211 1099 2292 Laoruaaeson]
1127 2209 1253 2272 Homeri
1274 2207 1383 2268 inter-

170 2319 254 2382 pres,
270 2311 306 2360 ut
320 2299 380 2359 hoe
396 2301 482 2380 quasi
497 2309 681 2381 praeteriens
693 2312 844 2378 annotem,
868 2301 974 2362 scribit
989 2319 1093 2378 agrum
1105 2293 1384 2358 Lacedaemonium

170 2385 394 2445 Lacedaemona
417 2385 578 2465 appellari:
608 2387 749 2464 Spartam
770 2386 892 2446 urbem:
915 2387 1077 2446 nonnullos
1103 2391 1298 2457 autemeam,
1321 2379 1384 2458 qui

170 2471 267 2550 ipsius
288 2471 372 2530 urbis
396 2481 512 2550 partem
536 2469 773 2548 Lacedaemona,
802 2482 918 2552 partem
943 2475 1079 2550 Spartam
1101 2469 1265 2530 nominent.
1310 2465 1384 2524 lam

161 2555 254 2634 *quod
270 2555 411 2614 lloratiue
425 2557 593 2636 patientem
613 2567 718 2638 vocat,
739 2557 828 2616 idad
847 2557 1002 2638 publicam
1017 2571 1182 2636 puerorum
1201 2551 1384 2614 institutio·-

170 2660 239 2700 uem
260 2641 450 2700 referendum
474 2651 534 2717 aet,
571 2661 648 2720 quae
669 2651 734 2716 tota
756 2651 822 2704 erat
844 2643 943 2722 posits
964 2643 996 2702 in
1023 2639 1182 2720 patientiae
1205 2633 1383 2716 disciplina.

171 2723 353 2786 Plutarchus
368 2725 399 2784 in
416 2726 544 2787 Lucullo
564 2725 623 2786 hac
646 2725 683 2788 de
703 2747 737 2786 re
758 2727 804 2788 eic
826 2727 941 2806 scribit,
966 2721 1125 2809 γράμματα
1145 2720 1201 2802 μὲν
1218 2722 1309 2786 ἕνεκα
1321 2725 1385 2799 ’τῆς

171 2811 274 2894 χρείας
287 2805 473 2890 ἐμάνθανον.
492 2808 515 2892 ἡ
532 2805 563 2874 d’
574 2807 649 2892 «itta
664 2805 749 2876 issico
763 2813 887 2878 παιδεία
903 2807 981 2894 πρὸς
994 2807 1027 2874 sd
1039 2807 1187 2891 ἔρχεσθαι
1202 2811 1301 2881 καλοῖς
1316 2806 1384 2890 lys‘-

172 2917 256 2972 νετο,
277 2895 333 2958 sol
352 2901 506 2978 καρτερεῖν
528 2902 698 2978 πονοῦντα,
725 2895 778 2961 καὶ
800 2901 892 2984 veagis
914 2892 1094 2979 μαχόμενον.
1122 2895 1155 2954 id
1177 2905 1236 2969 est,
1258 2893 1383 2954 litteras

172 2981 297 3060 quidem
314 2981 452 3042 utilitatis
473 3001 562 3042 causa
581 2981 752 3045 discebant:
782 2985 839 3044 alia
857 3003 930 3044 vero
953 2993 1016 3044 tota
1030 2980 1182 3042 institutio
1205 2999 1240 3040 eo
1261 2979 1384 3038 resera-

172 3067 278 3144 batur,
299 3067 375 3128 bena
390 3077 424 3127 ut
440 3067 569 3148 quisque
585 3075 712 3149 pareret,
728 3077 758 3128 et
773 3077 809 3129 ut
826 3067 961 3130 laborem
976 3067 1111 3148 perferre
1125 3065 1245 3126 fortiter
1262 3074 1294 3124 et
1310 3083 1384 3143 pu-

174 3171 268 3232 gnans
286 3153 409 3214 vincere
429 3163 543 3252 posset.
586 3155 625 3214 Et
646 3155 686 3215 Μ.
707 3153 774 3216 Tul.
792 3155 913 3216 Tuscul.
933 3159 964 3220 2.
983 3153 1053 3234 [14.
1068 3150 1132 3232 dh]
1155 3153 1286 3230 Spartae
1306 3169 1382 3208 vero

170 3241 264 3320 pueri
277 3237 323 3298 ad
334 3259 424 3298 uram
437 3261 484 3298 asc
498 3239 669 3299 verberibus
682 3241 895 3322 acuminatur,
918 3251 954 3300 act
966 3241 1084 3298 multus
1099 3261 1113 3295 e
1124 3235 1291 3296 visceribus
1302 3257 1384 3294 sara-

172 3327 251 3406 gns's
264 3337 362 3402 exeat,
383 3345 613 3406 nonnumquam
626 3329 734 3403 etiam,
757 3337 792 3387 ut
808 3348 877 3388 cum
894 3325 939 3386 ibi
957 3345 1049 3384 essem
1063 3321 1242 3398 amatam,
1264 3319 1311 3380 od
1323 3343 1384 3380 ne-

175 3416 257 3470 cem:
269 3431 408 3490 ‘quorum
428 3431 491 3487 non
507 3410 597 3470 modo
615 3429 701 3471 nemo
722 3413 905 3472 exclamavit
921 3431 1069 3492 anaqam
1074 3455 1083 3486 ,
1105 3407 1160 3466 aad
1174 3429 1211 3466 ne
1227 3409 1384 3488 ingemuit

171 3493 310 3578 quidem.
333 3485 416 3576 quod
435 3498 508 3578 item
529 3507 632 3560 narrat
645 3497 825 3560 Plutarchus
842 3497 912 3561 loco
924 3517 1028 3580 supra·
1045 3501 1296 3556 commemorato:
1318 3497 1383 3554 τῶν

176 3575 305 3662 doridos
316 3577 446 3658 πολλοῦς
462 3581 512 3644 ἐπὶ
525 3587 583 3646 τοῦ
595 3584 703 3662 βωμοῦ
713 3587 769 3662 τῆς
783 3577 911 3665 Ὀρθίας
928 3577 1102 3662 ἑοράκαμεν
1121 3575 1383 3657 Ιοἷποθνη’“σποντας

76 3725 80 3732 .
175 3671 241 3740 τοῖς
252 3671 387 3748 πληγαῖς.
407 3667 502 3742 idest,
523 3667 634 3728 multos
643 3666 774 3748 ephebos
782 3668 815 3732 in
825 3689 876 3730 ara
887 3668 995 3728 Dianae
1004 3665 1266 3728 Orthiaaridimus
1282 3664 1382 3742 plagis

173 3751 359 3811 morienteis.
387 3749 485 3831 (Licet
496 3752 586 3814 etiam
604 3751 663 3818 hoc
676 3754 790 3815 talama
803 3754 842 3814 ad
853 3753 1060 3814 institutorum
1073 3750 1383 3814 Lacedaemoniorum

176 3840 366 3897 severitatem
382 3837 543 3916 victusque
558 3838 698 3899 duritiem
713 3848 743 3898 et
760 3839 854 3900 totius
867 3839 948 3902 ritae
966 3837 1095 3900 labores.
1140 3836 1186 3894 Ex
1204 3853 1266 3913 quo
1288 3835 1383 3902 Alci,-

175 3921 281 3982 biades
297 3921 398 3984 dicere
416 3923 541 4000 solebat,
555 3943 616 3986 non
627 3943 690 3984 esse
705 3927 823 4002 mirum,
839 3924 1089 3986 Lacedaemonios
1100 3921 1120 3982 li
1144 3931 1228 3982 enter
1240 3941 1383 4001 pugnan-

175 4017 223 4068 tes
239 4017 365 4069 mortam
383 4018 536 4088 oppetere.
577 4008 743 4075 Aerumuas
759 4011 838 4072 enim
858 4020 889 4072 et
902 4009 1056 4070 molestias
1075 4007 1134 4068 sibi
1148 4028 1167 4066 a
1181 4007 1298 4086 legibus
1319 4007 1382 4066 im-

118 4099 126 4114 *
176 4094 292 4176 positas
310 4093 457 4170 ingiemes
470 4095 561 4154 vitam
575 4095 758 4156 laboriosam
773 4117 842 4156 cum
858 4107 955 4158 morte
970 4103 1156 4154 commutare
1171 4101 1201 4154 et
1216 4091 1381 4170 depacisci.

181 4181 291 4241 helian.
315 4179 418 4243 1«an
441 4178 548 4244 demil.
565 4179 682 4241 Probus
703 4182 736 4242 in
755 4181 909 4244 Alcibiade
925 4180 1055 4242 eundem
1072 4176 1158 4260 apud
1179 4177 1382 4238 Lacedaemo-

177 4265 261 4340 nios,
284 4285 415 4344 quorum
429 4265 564 4325 moribus
578 4285 691 4326 samem
710 4266 810 4342 ¹virttis
822 4268 854 4328 in
867 4265 1010 4361 patientip
1026 4263 1211 4347 ponebatur,
1235 4264 1280 4326 sio
1296 4263 1381 4323 duri-

78 4357 82 4366 “
178 4351 220 4410 tis
236 4371 268 4410 se
283 4349 418 4426 dedisse,
441 4359 476 4410 ut
490 4349 691 4431 parsimoniae
705 4351 805 4414 oictsas
818 4363 909 4434 atqua
923 4353 1025 4414 cultus
1044 4349 1160 4416 omneis
1169 4349 1405 4422 ursmarum„

179 4436 247 4495 aios
263 4434 421 4518 vinceret.)
464 4432 523 4518 [Ex
536 4437 607 4498 edit.
630 4436 722 4518 post]
1197 4432 1199 4443 ¹

245 4525 316 4608 '’tt.
336 4543 561 4628 haeresse]
584 4546 732 4659 ¹basiassua
745 4546 946 4610 Thessalicam
963 4547 1114 4626 designas,
1137 4551 1225 4626 quam
1240 4539 1380 4604 condidit
