2900 5050
134 281 204 374 rae·
496 283 717 346 a‘noaern
739 282 961 347 canutus.

132 459 253 520 merito:
276 455 396 520 Gratiae
414 455 492 517 eninr
512 476 566 537 per
584 451 695 518 borum
718 458 782 518 fers
801 455 957 522 numinum
978 475 1103 518 munera
1125 456 1337 518 conciliantur.

133 546 206 606 ldso
222 553 321 606 autem
341 542 439 602 nudae
453 553 533 616 sunt,
550 545 631 622 quod
651 545 774 604 Gratiae
788 544 851 602 sins
864 544 934 604 fuco
948 564 1011 604 esse
1026 545 1152 604 debent:
1174 544 1243 603 ideo
1262 563 1338 604 con·-

132 652 242 704 nexae,
265 633 335 710 quia
356 649 405 688 eas
428 629 613 688 insolubileis
630 649 695 688 esse
718 629 814 689 decet.
836 628 941 696 Horat.
960 628 1124 712 segnesque
1144 616 1338 688 norlaimsol-

41 721 54 752 ‘
132 737 197 776 aere
214 713 345 774 Gratiae.
374 712 462 795 (haec
482 725 554 774 sunt
571 735 609 774 ax
631 714 688 777 od.
703 733 770 774 xxi.
788 713 840 773 lib.
851 719 887 792 ,3.
907 715 948 796 [v.
963 701 1045 794 22.])'
1074 714 1164 788 Quod
1183 735 1257 774 vero
1274 733 1337 772 uns

134 819 239 860 aversa
255 801 407 884 pingitur,
430 799 576 860 ducenos
593 800 786 880 aspicientes,
808 799 883 860 hacc
898 801 976 860 ratio
990 809 1049 875 est,
1073 801 1142 878 quia
1164 801 1297 882 prolecta
1316 819 1337 858 a

133 883 222 944 nobis
234 885 339 963 gratis,
362 883 475 963 duplex
491 885 567 944 solet
582 886 702 944 reverti.
724 885 774 944 alii
789 888 851 960 sic,
871 885 904 944 in
919 886 1028 965 quibus
1041 883 1169 944 michael
1185 881 1335 964 Ephesius
1415 913 1423 924 ·

133 971 166 1030 in
182 970 234 1030 lib.
247 975 278 1038 5.
293 971 331 1030 de
346 971 479 1030 moribus
495 967 533 1030 ad
546 971 660 1030 Nisam.
683 966 734 1032 διὰ
745 974 834 1033 τοῦτο
846 968 898 1033 nal
911 975 1004 1052 τριοῑν
1017 970 1051 1034 ἒν
1064 975 1108 1056 api
1119 975 1180 1053 sepi
1194 971 1336 1054 Χαρίτων

133 1053 156 1136 η’
171 1055 246 1136 μέση
261 1048 339 1118 οὖσα
358 1060 420 1117 τοῖν
435 1051 553 1138 ἄκρων,
575 1055 702 1136 ἔμπαλιν
721 1055 879 1138 ἔστραπται
890 1053 968 1204 πρὸς
983 1052 1037 1118 adv
1049 1051 1259 1137 χαρισάμενον,
1281 1051 1336 1118 nui

25 1141 34 1160 ¹
137 1142 300 1218 δεξιοῦται·
322 1139 375 1202 nai
391 1136 424 1204 τό
440 1139 494 1220 μὲν
511 1135 719 1222 ἐπεστράφθαι
732 1137 810 1222 πρὸς
822 1146 883 1204 τοῖν
900 1165 913 1204 ε
947 1137 1144 1222 πεποιηκότα,
1165 1134 1207 1230 ἦν
1221 1135 1337 1222 σύμβο-

132 1231 187 1288 λον
202 1224 376 1306 ν’πηρεοὶας.
398 1221 431 1288 τὸ
445 1221 477 1290 di
493 1227 680 1302 δεξιοῦσθαι,
701 1231 758 1289 τοῦ
772 1221 864 1289 πάλιν
880 1221 983 1306 ἆρχὴν
995 1221 1093 1308 αὐτήν
1105 1233 1261 1289 ποιεῖσθαι
1277 1229 1336 1288 τοῦ

132 1305 364 1394 οἷντοοεργετεῖν.
385 1310 417 1370 id
435 1321 496 1386 est,
519 1312 630 1372 iccirco
647 1311 746 1372 media
763 1313 855 1371 trium
873 1313 1059 1390 Gratiarum,
1083 1329 1159 1392 quse
1175 1311 1334 1391 intemplo

133 1406 204 1456 sunt
218 1398 351 1476 positae,
372 1405 454 1457 retro
472 1417 559 1458 versa
574 1407 620 1457 est
635 1399 665 1457 in
682 1417 769 1473 eunt,
793 1399 845 1477 qui
864 1397 1042 1460 benelicium
1057 1397 1188 1458 contulit
1208 1407 1237 1456 at
1260 1397 1335 1457 dax-

132 1491 209 1541 tram
225 1481 252 1541 ei
266 1482 410 1562 porrigit,
429 1471 616 1562 beiaigneque
630 1503 699 1542 eum
711 1483 831 1562 accipit.
879 1485 920 1544 do
935 1483 1065 1564 quadiu
1083 1503 1169 1558 curn,
1187 1483 1244 1562 qui
1256 1481 1335 1542 bene

131 1566 258 1627 meritus
278 1577 339 1643 est,
358 1571 398 1627 sit
418 1587 582 1646 conversa,
602 1567 719 1646 signum
743 1579 786 1627 est
814 1568 930 1644 officii,
948 1580 1039 1650 atque
1062 1568 1215 1648 obsequii3
1251 1567 1335 1646 quod

132 1662 230 1712 autern
253 1671 342 1711 manu
361 1657 501 1731 porrecta
524 1673 591 1713 cusa
614 1653 757 1732 accipiat,
780 1653 942 1731 significat,
965 1671 1028 1716 eam
1049 1673 1108 1714 noa
1132 1647 1203 1712 satis
1222 1651 1335 1712 habers

52 1747 58 1759 “
133 1737 259 1816 gratiam
275 1737 388 1797 referre
397 1782 406 1813 ,
426 1738 479 1798 sed
493 1739 581 1798 stiam
596 1759 709 1797 novum
724 1739 862 1800 beneficii
876 1739 1177 1800 conferendiinitiuaa
1190 1739 1297 1800 lacero.

216 1827 245 1886 7.
272 1821 324 1880 Er
352 1841 484 1882 rarum
512 1843 599 1885 uon.
628 1845 713 1884 saun
742 1845 789 1884 ru
813 1825 912 1904 luta]
942 1825 1104 1904 significat,
1126 1825 1250 1885 iuvenes
1270 1823 1335 1882 sine

130 1905 222 1965 rebus
243 1907 379 1966 venereis
399 1917 428 1968 et
443 1909 595 1968 amatoriis
609 1909 774 1969 severiores
791 1930 826 1968 ac
842 1911 991 1970 tristiores
1004 1932 1084 1986 esse,
1107 1931 1195 1994 quarn
1208 1917 1335 1970 aetatem

132 1989 248 2050 deceat.
292 1993 345 2052 Est
360 2001 459 2052 autem
476 1993 615 2054 luventas
627 1997 766 2057 iuventas
780 1996 856 2071 llea,
876 1995 958 2056 lovis
974 2005 1004 2056 et
1017 1995 1139 2055 lunonis
1152 1995 1221 2069 filia,
1242 1995 1332 2074 quim

131 2075 267 2150 laevem,
287 2077 321 2136 id
345 2087 405 2154 est,
428 2079 590 2140 imberbem
612 2081 745 2160 appellat
768 2081 883 2142 lidan.
907 2081 961 2141 lib.
983 2088 1012 2148 2.
1034 2081 1076 2161 [v.
1090 2080 1133 2160 5.]
1146 2080 1243 2166 sugit,
1256 2093 1335 2139 retro

130 2158 221 2220 Leuis
244 2157 389 2226 inuentos.
426 2165 470 2222 De
492 2185 526 2224 ea
545 2165 584 2224 M.
599 2166 679 2224 Tull.
701 2166 752 2224 lib.
768 2170 798 2231 1.
820 2163 988 2246 [40‚1t2.]
1013 2165 1051 2226 da
1072 2175 1179 2225 natura
1203 2167 1334 2224 Deorum

130 2247 175 2304 sic
191 2245 312 2323 scribit,
334 2246 381 2306 At
401 2250 505 2328 poitur
523 2247 640 2332 quidem
664 2265 779 2326 nectar,
802 2250 1000 2328 ambrosiam,
1022 2249 1125 2332 epielas
1149 2262 1334 2330 comparant,
1395 2297 1400 2318 ,

132 2325 160 2370 ‘¹
184 2341 236 2370 ”⁰
259 2327 454 2410 Liventatem,
476 2349 529 2393 aut
553 2331 749 2408 Ganymedem
769 2333 881 2414 pocula
901 2339 1131 2409 ministrantem,
1161 2345 1192 2396 at
1210 2335 1334 2394 Tuscul.

131 2395 226 2461 lib-1·
250 2391 316 2498 [ἳᾷ.
332 2406 398 2478 aa]
420 2422 478 2460 noa
502 2421 576 2478 onim
598 2417 749 2478 ambron·-
766 2419 862 2487 Deae,
876 2428 937 2474 aut
956 2431 1086 2487 nectare,
1107 2433 1160 2478 aut
1182 2416 1335 2479 Iuventate

128 2477 242 2561 poeula
257 2484 442 2544 ministrante
457 2483 563 2552 laetari
581 2487 720 2550 arbitror.
770 2494 954 2574 Appellatur
971 2501 1068 2560 butem
1083 2500 1158 2561 liaeo
1174 2525 1191 2562 a
1208 2501 1334 2564 Graecis

127 2563 228 2644 llebs,
249 2566 282 2626 id
301 2576 362 2647 est,
382 2571 540 2652 pubertas,
563 2595 653 2666 quam
668 2575 787 2680 Homer.
800 2579 941 2643 llerculis
953 2603 1078 2646 uxorem
1094 2588 1177 2650 facit.

567 2821 602 2898 Ο
611 2823 686 2898 DE
731 2827 891 2909 XXXI.

160 3004 198 3056 Se
213 3019 268 3057 nan
284 3003 416 3068 divitiae,
431 3005 864 3113 eed'tranpuillurs'bilaramqae
881 3025 966 3077 eitam
983 3022 1019 3076 ab
1035 3024 1164 3096 Apolline
1177 3043 1298 3096 poscere.

148 3241 155 3255 ι
178 3137 180 3140 ¹
212 3162 244 3255 1.
266 3157 364 3256 Qnra
379 3179 511 3258 ‘naara
533 3185 638 3228 roso.
661 3168 828 3255 droun]
851 3176 1034 3256 Apollinem,
1049 3181 1098 3240 cui
1116 3180 1259 3261 templum
1273 3201 1332 3239 ex-

129 3251 234 3302 mtsvlt
248 3243 461 3325 dedicavitque
481 3249 590 3311 Caesar
604 3254 758 3332 Augustus
774 3259 804 3317 in
819 3261 948 3339 Palatio,
969 3275 1005 3324 ut
1022 3267 1126 3325 scribit
1139 3269 1261 3326 Sueton.
1277 3268 1335 3324 oo-'

128 3327 255 3406 demque
270 3329 347 3424 loco
359 3331 573 3396 bibliothecam
589 3339 675 3399 libris
692 3343 830 3404 omnibus
848 3348 1034 3410 instructanr.
1056 3353 1161 3411 Horat.
1178 3352 1264 3432 epist.
1276 3350 1331 3410 ¹ad

129 3413 187 3476 lul.
205 3415 286 3476 Flor.
305 3415 357 3474 lib.
375 3423 403 3482 1.
422 3415 470 3498 [3,
489 3426 529 3486 16
541 3423 602 3502 sq.]
625 3440 652 3484 et
670 3437 786 3507 tangere
805 3433 875 3490 vitet
895 3433 1033 3514 Scripta,
1057 3435 1214 3498 Palatinas
1237 3425 1331 3518 qnae-

126 3501 514 3670 miigffipllludgiiaup‘l
537 3507 677 3654 stll'iblfi.
702 3513 741 3572 ad
759 3516 885 3594 August.
901 3517 944 3598 [1,
958 3521 1044 3602 216]
1065 3524 1092 3582 si
1107 3543 1211 3582 inuans
1224 3519 1330 3603 Apol-

235 3609 252 3632 θ’
508 3616 554 3652 ΒΓΕ
581 3617 591 3653 Ι
613 3619 662 3657 m.

211 3674 243 3733 2.
269 3671 317 3768 lla
334 3691 486 3770 'Pavum
510 3697 592 3738 nov.
615 3681 726 3742 Fauo.
749 3685 849 3767 aro]
870 3689 936 3748 nini
959 3691 1105 3770 primitias
1124 3691 1220 3752 libans
1238 3702 1267 3753 et
1281 3693 1327 3752 of.

125 3751 225 3811 isrsna
247 3753 309 3812 Dus
331 3761 559 3823 immortalibus.
580 3765 625 3823 sio
648 3767 705 3830 Od.
717 3789 750 3832 v.
773 3771 827 3831 lib.
848 3777 879 3838 4.
902 3779 943 3848 [v.
957 3779 1069 3857 33sq.]
1093 3793 1120 3837 te
1139 3781 1327 3862 prosequitur

125 3857 204 3897 mero
217 3836 329 3920 Defessa
340 3845 461 3920 pateris.

139 3939 148 4020 J
187 3929 282 4022 .⁸·⁴·
304 3924 384 3984 Non
408 3949 462 3992 or.
486 3933 705 4003 S‘anornrae
727 3959 892 4018 separas
913 3946 1125 4028 raaacass]
1147 3948 1191 4006 sic
1212 3945 1328 4008 lrabeat

124 4005 197 4066 hbn
212 4016 331 4070 veteres
350 4011 477 4089 Donati,
497 4017 619 4094 Fa'e‘rni,
650 4023 716 4085 Urs.
742 4025 866 4088 Tornss.
889 4029 951 4090 duo
982 4030 1079 4094 Vatia.
1122 4033 1189 4092 Non
1218 4033 1328 4093 admo·-

42 4102 47 4123 “
125 4091 198 4192 duna
214 4093 357 4192 dissimile
373 4107 419 4158 ast
431 4099 526 4176 illud,
548 4107 631 4184 quod
649 4119 736 4188 optat
750 4112 896 4174 Pindarus
917 4115 969 4178 eid.
984 4111 1021 4194 η’.
1042 4139 1107 4199 νεμ.
1129 4119 1170 4200 [v.
1185 4123 1226 4184 68
1242 4117 1324 4198 sqq]

124 4175 183 4237 Aha
201 4176 325 4262 (inquit)
338 4201 446 4243 aurum
460 4197 582 4266 optant,
608 4193 658 4250 alii
673 4199 894 4274 possessiones,
917 4201 1027 4261 fundos
1043 4213 1072 4264 et
1085 4205 1225 4283 praedia:
1249 4203 1326 4263 mibi

124 4271 223 4360 antam
238 4267 346 4365 detur,
366 4275 560 4368 poptaaqusm
586 4279 659 4336 meis
680 4279 797 4341 civibus
816 4285 991 4363 placuerim,
1006 4309 1054 4347 res
1068 4289 1247 4350 laudabileis
1259 4289 1326 4347 lau-

122 4345 211 4406 dibus
227 4349 388 4428 affecerrm,
409 4366 534 4418 iniustas
546 4371 576 4420 st
588 4363 739 4442 improbas
752 4367 956 4447 vituperarim,
979 4392 1044 4432 ossa
1059 4385 1156 4434 terrae
1171 4374 1324 4436 arandara.

123 4431 221 4496 Verba
238 4435 352 4495 Graeca
366 4449 450 4518 petat
466 4461 504 4501 ex
521 4445 666 4524 Pindaro,
689 4452 742 4528 qui
761 4451 858 4514 volet:
877 4475 937 4533 nos
951 4457 1052 4518 locum
1071 4459 1279 4522 indicavimus.

203 4523 233 4583 ὃ.
256 4523 426 4604 orrares]
445 4525 567 4610 pinguis
582 4541 612 4594 st
624 4533 740 4615 uberis,
762 4538 817 4600 ssd
831 4548 935 4604 tamen
949 4543 1111 4612 insalubris
1126 4547 1323 4629 stpestilen-
