2908 5056
390 288 482 406 pm.
503 269 557 351 ιιι.
600 282 669 350 oo.
690 287 729 352 rc
772 307 802 354 v.
828 289 978 358 9-1s.·
1177 267 1180 275 ’
1212 293 1335 382 sss„

71 456 214 534 saevior,
237 475 298 536 quo
313 455 463 520 blandior.
488 471 591 519 eorum
606 459 683 520 enim
700 459 812 520 animos
829 459 930 520 verbis
944 458 1097 521 mulcebat
1115 468 1146 522 et
1161 462 1277 540 spala—
1323 527 1325 532 ,

72 543 191 602 ctabat:
215 542 272 602 alio
292 565 374 603 mens
390 554 462 606 erat.
485 555 554 606 nota
567 555 638 604 sont
652 545 705 604 illa
719 543 877 606 Homerica
898 541 1002 610 dduoo.
1019 539 1053 608 α’.
1073 543 1117 628 [v.
1126 544 1197 613 '282
1211 545 1276 632 pq]
1325 611 1329 616 ,

70 627 167 710 θέλγε
188 625 221 690 di
242 625 345 708 dupio
365 632 535 711 Μειλιχίοις
558 629 689 696 ἐπέεσσι·
710 625 783 704 νόος
805 629 839 693 dl
860 630 893 694 ol
912 627 987 694 cillo
1007 633 1141 712 μενοίνα.
1165 630 1198 692 id
1220 641 1294 704 est„

72 713 207 772 animum
222 723 320 773 autem
335 735 496 794 procorum
511 715 629 776 blandis
643 714 744 776 verbis
757 715 924 792 mulcebat,
946 736 1030 796 meus
1044 716 1107 776 eius
1121 716 1205 776 aliud
1220 734 1291 777 oo-·

72 799 199 876 gitobat.
220 808 251 858 ct
268 792 372 862 dduoc.
388 795 425 881 β.
440 801 480 875 [ν.
492 805 533 868 89
549 803 626 880 sqq]
643 797 795 884 ”qu'ydp
819 803 921 878 τρίταν
942 800 1023 864 ἐστὶν
1044 799 1126 879 ἔτος,
1147 796 1224 881 τάχα
1241 794 1277 865 d'
1355 850 1357 859 .

73 879 136 946 εἶσι
159 882 315 966 τέταρτον,
336 878 384 960 Ἐξ
402 878 440 948 od
460 880 578 968 ἆτέμβει
601 883 704 967 inpia
725 885 771 948 tat
795 883 959 966 στήθεσσιν
978 880 1121 966 Ἀχαιῶν·
1152 881 1278 962 Πάντας
1309 921 1313 930 ,

72 969 132 1049 μέν
149 962 181 1044 ῤ’
199 968 290 1046 lines,
310 968 362 1032 sol
380 969 536 1053 ainqueacs
553 965 643 1054 ἀνδρὶ
659 965 788 1056 ἑκάστῳ,
809 967 958 1054 Ἀγγελίας
973 977 1128 1054 προϊεῖσα·
1150 965 1224 1046 νόος
1244 970 1278 1035 dl

73 1054 108 1117 oi
123 1050 361 1140 dllc'pevoqui„
373 1055 405 1115 id
419 1066 480 1134 est,
504 1051 624 1116 Tertius
638 1057 715 1116 anim
732 1057 792 1118 ism
808 1077 902 1116 antius
918 1057 1005 1125 abiit,
1016 1057 1126 1135 'agitur
1146 1077 1226 1116 nuuc
1247 1065 1279 1117 et

74 1149 213 1218 quartus,
228 1159 266 1200 ex
284 1159 344 1218 quo
354 1141 505 1222 Penelope
521 1143 705 1204 Graecorum
725 1145 839 1204 animos
861 1141 976 1221 decipit
988 1141 1155 1221 damnoque
1176 1141 1277 1206 afficit

73 1223 224 1284 Omnibus
248 1223 325 1284 enim
347 1245 431 1306 spem
451 1228 568 1287 inanem
590 1236 720 1288 ostentat
741 1237 772 1288 et
792 1227 954 1308 unicuique
975 1227 1156 1308 pollicetur,
1179 1227 1278 1288 missis

74 1305 222 1368 etiamad
239 1329 387 1390 quemque
409 1313 535 1372 nuntiis:
558 1313 610 1372 sed
626 1313 710 1372 aliud
731 1315 827 1374 animo
843 1313 976 1374 molitur.
998 1320 1069 1396 nota
1086 1311 1278 1392 estdeniqua

72 1394 128 1454 ills
142 1394 308 1479 Benelopae
323 1397 395 1472 tela,
419 1417 495 1476 quae
506 1398 638 1458 interdiu
652 1399 821 1476 texebatur,
842 1397 1203 1474 annumerabimus
1218 1415 1278 1477 quo

74 1473 181 1544 dduoo.
198 1473 238 1559 β’.
260 1481 300 1562 [v.
316 1485 360 1546 93'
372 1485 447 1562 sqq]
471 1492 501 1542 et
520 1477 554 1544 τ’.
571 1483 613 1564 [ν.
629 1489 690 1550 138
704 1484 783 1564 sqq]
1023 1485 1039 1554 J

103 1589 121 1598 “
165 1572 216 1630 14.
240 1565 266 1624 N
274 1585 316 1626 ec
338 1587 459 1630 muer.
482 1588 602 1628 vrous
622 1568 756 1649 esum]
778 1589 834 1631 nec
852 1567 1129 1650 palloramantium
1148 1563 1279 1630 violacei

75 1651 190 1710 coloris
205 1637 371 1732 puiticaps:
392 1653 510 1714 luridus
531 1663 561 1712 et
577 1653 707 1734 pallidus
723 1655 817 1718 color.
838 1655 959 1716 Servius
976 1653 1112 1714 edilium
1130 1651 1213 1731 wag.
1229 1652 1280 1711 lo-

75 1755 164 1814 cum,
186 1735 327 1812 Alexide,
354 1736 733 1824 [Eol.n,=17.1pcllenteis
754 1738 867 1816 violas,
890 1749 1028 1814 annotat,
1048 1736 1219 1821 palleateis,
1245 1734 1288 1796 id'
1370 1797 1375 1810 ,
1431 1777 1434 1790 ·

76 1831 140 1897 est,
162 1823 326 1882 amentium
346 1819 444 1884 colore
470 1823 587 1898 tinctos.
622 1823 694 1889 Hor.
725 1823 790 1886 Neo
810 1827 920 1906 emotus
938 1821 1020 1886 violo
1044 1820 1147 1906 pallor
1169 1843 1280 1882 omon-

74 1908 150 1966 tium
166 1914 222 1965 etc.

164 1993 213 2058 15.
235 1991 312 2052 Neo
332 2011 401 2053 rra
423 1993 566 2054 Pressa
586 1981 841 2074 rescissum]
866 2003 897 2056 et
912 1992 1048 2076 quamvis
1060 2011 1120 2053 non
1132 1999 1163 2066 te
1177 1991 1281 2050 flectat

75 2075 136 2134 viri
156 2078 200 2136 tui
222 2075 351 2155 iniuria,
370 2079 422 2160 qui
445 2077 571 2138 Pieriam
588 2089 667 2140 amat
688 2083 811 2160 eiusque
826 2099 927 2140 amore
944 2079 1063 2162 saucius
1081 2085 1126 2136 est
1143 2085 1200 2136 etc.
1227 2075 1280 2133 Ni·
1306 2137 1316 2147 ὴ

75 2159 123 2220 hil
145 2170 190 2221 est
211 2171 327 2238 autem,
350 2163 432 2242 quod
453 2174 617 2242 matronam
644 2166 737 2243 magis
760 2173 830 2225 urat
845 2165 1022 2245 faciliusque
1037 2163 1078 2230 sd
1096 2159 1281 2220 adulterium

75 2246 228 2326 impellat,
251 2239 339 2324 quam
357 2249 446 2310 dolor
464 2270 501 2308 ex
516 2249 571 2308 tali
584 2249 643 2309 riri
659 2250 782 2310 libidine
802 2255 974 2328 susceptus,
997 2254 1027 2306 et
1049 2267 1117 2306 cum
1136 2244 1281 2304 acerrime
1304 2250 1305 2254 ’

76 2332 117 2390 ad
130 2349 242 2409 poenas
258 2332 305 2388 sui
318 2331 429 2392 doloris
443 2332 622 2408 repetendas
638 2331 778 2390 mulieres
793 2327 1040 2402 exstimulentur,
1061 2336 1126 2384 tum
1144 2322 1280 2383 virorum

77 2435 201 2477 suorum
216 2413 462 2474 incontinentiam
477 2412 565 2472 simili
581 2413 662 2473 facto
676 2414 804 2476 libenter
818 2413 1016 2471 ulciscuntur.
1041 2406 1147 2488 quade
1162 2404 1281 2464 ravido

78 2520 156 2578 quaa
178 2501 267 2578 supra
291 2499 499 2558 annotavimus
524 2499 563 2558 ad
579 2498 664 2557 illum
686 2499 806 2569 locum,
827 2492 907 2554 Nom
921 2487 1185 2574 scopulis'susdior
1198 2485 1288 2550 Icari

80 2583 180 2650 Voces
194 2581 279 2643 audis
292 2580 390 2645 adduc
404 2586 530 2664 integer,
552 2583 610 2646 Od.
623 2601 680 2642 vn.
697 2579 787 2640 huius
801 2579 855 2640 lib.
871 2579 912 2660 [v.
932 2583 971 2643 19
985 2575 1042 2656 sq]

129 2663 132 2670 ¹
165 2670 214 2734 15.
237 2669 379 2728 Prenrs
406 2667 596 2750 respice]
626 2667 764 2746 pellicem
784 2665 939 2746 appellant
956 2660 1055 2722 Latini
1068 2657 1160 2733 ὀισπ,
1190 2675 1281 2736 quem

76 2753 204 2816 maritus
224 2763 319 2828 sinat,
342 2771 517 2836 semperque
531 2753 664 2812 refertur
677 2752 714 2811 ad
729 2771 868 2824 uxorem,
889 2760 924 2810 ut
937 2757 1025 2832 peter
1040 2745 1078 2804 ad
1092 2744 1196 2802 filium.
1220 2743 1290 2834 Cic.v

80 2841 165 2900 Orat.
177 2840 241 2918 [30‚
259 2838 341 2918 108.]
368 2837 456 2898 Uxor
466 2838 580 2920 generi,
603 2857 728 2899 nouerca
730 2834 814 2917 filii,
825 2833 917 2919 filice
928 2829 1038 2913 pellex.
1068 2828 1211 2890 Horatius
1227 2829 1283 2886 iu-
1358 2851 1359 2859 ι

79 2927 128 2984 fra
147 2925 204 2984 od.
218 2943 316 2983 xxvii.
339 2923 404 2983 eod.
423 2921 477 2984 lib.
513 2942 540 2981 v.
557 2920 621 3001 66.]
646 2913 838 3003 dominaeque
853 2915 934 2978 tradi
950 2915 1102 2976 Barbarae
1116 2910 1229 2994 pellex.
1251 2919 1283 2971 et

80 3011 140 3073 Od.
153 3029 203 3080 ιιι.
223 3007 311 3088 epod.
331 3007 372 3089 [v.
387 3006 449 3087 13.]
509 3027 545 3068 oo
564 3005 702 3068 delibatis
723 3003 786 3066 alto
801 3003 887 3064 donis
900 2999 1035 3082 pellicem
1052 2994 1283 3082 Serpentesugit
1359 3052 1365 3078 ¹

79 3093 162 3156 alite.
186 3103 216 3154 et
230 3092 288 3156 od.
303 3113 335 3155 v.
353 3094 394 3173 [ν.
409 3099 451 3160 69
466 3093 521 3172 sq]
550 3089 663 3172 Quibus
676 3087 830 3173 superbam
843 3085 926 3172 fagit
944 3083 1009 3171 ulto
1020 3083 1165 3166 pellicem.

166 3185 216 3247 16.
239 3177 421 3262 conver]
444 3177 556 3253 flectit,
579 3177 616 3236 ab
638 3179 776 3237 instituto
797 3183 851 3234 tuo
872 3173 1043 3250 detorquet.
1068 3247 1072 3258 ι

168 3269 209 3330 16
223 3281 267 3343 sq.
290 3283 541 3324 suerusornos
563 3251 648 3322 rurs
673 3257 844 3338 uenere]
876 3255 1011 3338 quamvis
1034 3265 1068 3312 tu
1090 3270 1187 3330 neque
1206 3267 1283 3346 “¹¹37
1359 3267 1361 3274 ’

81 3350 204 3412 neribus
232 3369 332 3428 neque
357 3349 499 3435 precibus
523 3367 621 3428 nequa
642 3346 758 3427 pallore
786 3355 818 3404 et
839 3344 981 3420 languore
1003 3357 1068 3400 meo
1097 3354 1196 3434 nequo
1225 3353 1285 3430 vara

82 3436 130 3497 tui
145 3435 325 3496 contumelia
348 3444 438 3514 atquo
452 3433 561 3494 iniuria
581 3431 759 3492 inflectaris:
781 3429 922 3516 miserere
942 3437 1043 3485 tamen
1065 3421 1209 3501 supplicis
1227 3426 1306 3492 tuq,

84 3521 136 3600 qui
153 3504 269 3580 amdam
283 3521 386 3581 salutis
400 3539 472 3581 suae
485 3520 629 3579 radonem
640 3517 741 3582 ,intua
753 3514 877 3584 leuitate
890 3521 921 3574 at
935 3508 1090 3572 clementia
1106 3505 1285 3580 collocatam

82 3605 182 3667 habet.
1063 3643 1067 3650 .

170 3694 219 3756 17.
240 3687 317 3749 Neo
339 3709 477 3748 erosos
498 3707 678 3748 nomon
698 3686 896 3756 sescuno]
925 3681 988 3756 Tu,
1011 3696 1088 3758 quaa
1110 3693 1209 3754 nequa
1230 3692 1285 3733 se·

85 3777 169 3836 sculo
186 3774 371 3848 molliores,
395 3772 451 3834 n'ec
471 3775 589 3835 mitiore
605 3775 718 3848 animo,
743 3789 832 3852 quam
849 3763 1042 3828 Mauritaniae
1060 3769 1212 3841 serpentes
1227 3767 1285 3818 etc.

170 3865 220 3928 18.
242 3860 319 3918 Nec
341 3859 493 3920 Mantus
516 3873 623 3920 tarn.
646 3853 816 3933 astaron]
840 3873 896 3915 nec
914 3851 1032 3911 mitiore
1056 3847 1172 3922 animo,
1194 3862 1286 3924 quam

86 3966 196 4024 angues
213 3933 417 4006 Mauritaniae.
440 3947 520 4004 mitis
534 3933 667 4004 'animam
688 3940 881 4002 hellenismus
903 3945 955 3998 est.
999 3932 1121 3996 Μσαιίι
1133 3925 1305 4011 ‘anguibus

86 4043 185 4092 autem
203 4031 246 4090 sic
262 4029 393 4104 dictum,
415 4037 450 4088 ut
466 4027 587 4089 Musiris
601 4026 715 4090 iaculis.
738 4046 830 4106 supra
850 4023 908 4082 Od.
922 4040 998 4081 xxrs.
1015 4017 1067 4080 lib.
1083 4027 1111 4081 t.
1133 4015 1175 4095 [ν.
1190 4011 1234 4110 2]
1256 4019 1287 4110 {l

85 4138 194 4178 veneno
216 4112 338 4177 colata.
361 4113 419 4177 ud.
439 4133 507 4172 xrrr.
529 4113 582 4174 lib.
602 4120 633 4181 2.
657 4113 698 4194 [v.
712 4109 824 4190 8.]-sio
849 4109 928 4170 enim
945 4105 1060 4166 habant
1080 4101 1196 4180 aliquot
1215 4097 1286 4158 labra
1308 4127 1317 4180 .'

86 4197 212 4262 veteres.
232 4200 286 4260 ubi
301 4197 384 4277 vulg.
408 4195 557 4261 Colchico.
899 4209 903 4226 ¹

172 4291 221 4352 19.
244 4304 331 4346 arses
342 4275 437 4366 nra]‘
449 4283 506 4342 Od.
519 4303 565 4345 ιι.
584 4282 673 4367 epod.
691 4286 731 4357 [v.
746 4283 811 4354 211]
832 4275 955 4338 Limina
970 4271 1064 4350 duro,
1086 4265 1193 4353 quidus
1209 4263 1287 4328 lam·

89 4365 406 4454 dorminfregilotus.
769 4431 775 4444 .
874 4395 879 4400 ·
1056 4423 1058 4426 ,
1400 4425 1404 4444 ¹

173 4461 212 4521 19
228 4477 271 4534 sq.
295 4445 425 4522 aenas
448 4449 689 4535 Gseursrrs]
713 4450 801 4530 epist.
817 4447 855 4508 ad
869 4446 994 4522 August.
1012 4445 1100 4516 [ιι,1,
1116 4436 1199 4511 1351
1216 4431 1296 4496 Cur·

72 4537 184 4601 [lesteis'
203 4539 345 4624 implorat
365 4557 461 4623 uqsue
480 4536 570 4602 ‹locto
583 4561 670 4624 prece
690 4531 827 4596 blondus.
848 4529 1012 4673 signillicst,
1035 4545 1067 4588 so
1088 4545 1150 4585 uou
1169 4540 1288 4602 semper
1362 4571 1371 4594 q
