2900 5050
129 253 221 317 ern.
241 253 264 314 1.
292 249 363 313 ou.
382 215 523 312 axxtv.
552 267 582 310 v.
608 213 751 320 ιὀ-ἰε.
778 247 848 311 ου.
869 247 994 317 ιιιυιν.
1023 269 1052 314 v.
1075 201 1181 321 ιζ-ε.
1224 257 1286 324 ιιι

77 411 252 508 strepitum⁸
273 377 440 503 rigomeri,
464 441 525 482 non
540 419 741 496 ,clamorem
760 414 930 502 quenquam
963 419 989 482 ei
1012 421 1162 504 quiahoc
1189 425 1285 506 malit,

75 511 324 593 pugnarenolo,
347 529 415 570 cum
429 509 604 590 praesertim
618 509 661 570 aic
676 507 809 590 explicat
827 507 1006 591 Porphyrio.

296 787 299 794 ·
490 695 631 834 one
681 757 949 834 xxxu‘.

130 949 181 1004 Ad
197 951 347 1005 Fortunam
364 927 462 1016 oemio}
479 929 615 1005 reservet
633 954 772 1004 Οσειοεειιι
788 951 818 1006 in
834 951 984 1005 Britannos
1000 951 1040 1004 ire
1056 937 1237 1006 manmen-

170 1109 201 1170 1.
223 1105 250 1164 0
271 1107 387 1180 Deva]
410 1105 454 1170 ll.¹
464 1105 542 1166 Tull.
557 1103 612 1166 lib.
632 1103 671 1166 de
684 1113 790 1165 notura
802 1105 890 1176 licor.
906 1111 935 1172 8.
961 1080 1024 1186 [24,
1046 1104 1110 1185 61.]
1132 1103 1187 1164 sub
1209 1123 1284 1184 pcr-

77 1208 157 1249 sona
172 1190 279 1252 Cottae
294 1213 355 1269 nea,
378 1210 456 1273 quae
471 1213 488 1251 a
502 1189 597 1251 Balbo
619 1189 657 1249 de
680 1189 739 1249 diis
758 1191 877 1250 inerant
897 1191 1065 1274 disputata,
1093 1189 1232 1252 refellens
1255 1187 1308 1251 et'

79 1285 192 1334 contra
207 1275 372 1349 disserena,
397 1277 435 1336 iis
449 1276 512 1339 Diis
528 1275 664 1350 reiectis,
686 1275 740 1354 qui
760 1297 778 1336 a
797 1285 901 1338 vetere
919 1277 1046 1350 Graecia
1073 1275 1193 1336 conficti
1214 1285 1286 1336 aunt

78 1359 188 1439 diique
201 1359 313 1441 habiti,
336 1383 369 1424 ea
391 1381 511 1442 qnoque
519 1405 530 1439 ‚
552 1381 629 1442 quas
653 1380 755 1420 rerum
778 1362 840 1422 vim
861 1357 991 1438 habent,
1014 1381 1075 1422 non
1096 1362 1285 1436 Deorum,e
1335 1403 1340 1409 -
1430 1405 1431 1410 η

19 1499 20 1506 ι
78 1466 229 1524 numero,
250 1457 289 1525 et,
311 1447 526 1529 parandium,
549 1445 708 1508 aconcilio
723 1448 852 1508 Deorum
865 1449 954 1524 tollit,
977 1448 1076 1526 qualia
1091 1455 1170 1517 sunt,
1189 1463 1283 1522 mena,

76 1529 174 1607 fides,
205 1553 292 1613 apes,
320 1533 463 1610 victoria,
492 1533 590 1608 salus,
618 1532 788 1592 concordia.
840 1531 907 1593 Aut
929 1533 1003 1592 enim
1024 1529 1080 1592 illo
1108 1526 1231 1615 (inquit)
1251 1532 1284 1592 in

76 1615 228 1676 nobismet
243 1619 343 1678 insunt
357 1615 447 1700 ipsis,
469 1631 501 1677 ut
522 1639 618 1693 mene,
639 1629 672 1676 ut
691 1639 772 1698 spes,
793 1631 826 1676 ιιι
845 1617 953 1693 virtue,
976 1630 1009 1676 ut
1029 1614 1209 1678 concordio:
1230 1629 1283 1678 out

78 1699 219 1780 optando
241 1702 326 1762 nobie
349 1717 432 1777 sunt,
455 1717 489 1762 nt
511 1699 619 1778 honos,
641 1715 673 1761 ut
697 1700 795 1778 solue,
815 1715 848 1760 ut
868 1703 1011 1780 victorio,
1039 1723 1164 1784 quorum
1187 1721 1283 1762 rerum

19 1825 20 1828 η
77 1783 242 1846 utilitatem
258 1783 360 1862 arides,
381 1788 468 1846 etium
485 1801 654 1846 consecratu
669 1783 839 1848 simulacro.
885 1783 984 1863 Quare
1003 1800 1099 1846 nutem
1118 1787 1150 1846 in
1171 1783 1218 1845 lais
1236 1786 1283 1871 pis

78 1867 205 1930 deorum
218 1871 302 1948 iniit,
324 1887 385 1932 tum
400 1868 580 1952 intelligam,
602 1891 669 1932 cum
690 1893 724 1932 co
746 1891 859 1935 novero.
905 1868 971 1948 Quo
985 1872 1016 1930 in
1027 1891 1130 1952 genere
1148 1871 1282 1932 maxime

19 1975 20 2008 1
77 1969 124 2014 est
137 1953 275 2016 Fortuna
290 1953 486 2032 nummario,
508 1977 597 2038 quum
618 1975 701 2014 nemo
721 1893 759 2014 it
782 1955 981 2016 &constantin
1005 1969 1032 2014 et
1054 1956 1213 2018 temeritate
1230 1975 1282 2014 se-

19 2043 20 2060 ’
78 2041 198 2120 iungit:
215 2037 304 2124 ,ροσε
323 2039 415 2122 (ligem
442 2055 517 2102 certe
536 2061 595 2100 non
623 2053 691 2099 ιυιιι
712 2038 786 2100 Deo.
835 2039 1099 2100 Pindarusautcm
1119 2039 1282 2100 Fortunam

77 2123 162 2184 loeis
179 2125 346 2188 liberatoris
360 2126 449 2186 filiam
465 2134 496 2186 et
507 2121 698 2184 servatricem
713 2124 833 2185 urbium
851 2127 1006 2206 appellans
1028 2125 1092 2186 aius
1111 2145 1201 2206 opera
1223 2142 1282 2188 na-

77 2210 144 2269 reis
167 2211 201 2271 in
225 2211 317 2286 mari,
339 2211 371 2272 in
387 2213 471 2272 'terra
487 2209 623 2286 tellum,
651 2208 865 2290 hominumque
887 2221 1057 2284 conventus
1071 2218 1101 2270 et
1121 2209 1282 2272 conciones
1301 2217 1321 2236 '¹
1350 2275 1353 2284 ,

78 2293 245 2374 gubernari
262 2297 355 2376 dicit,
378 2307 467 2376 atque
483 2298 525 2356 ita
545 2295 751 2357 duodecimum
772 2315 890 2356 carmen
908 2297 1028 2376 Olymp.
1047 2294 1183 2375 orditur,
1203 2301 1298 2360 Λισ·’

80 2403 191 2462 copas,
213 2389 273 2450 noi
284 2379 382 2464 Ζηνὸς
393 2376 599 2464 Ἐλευθερίου,
618 2375 706 2462 Ἱμέρ’
727 2374 904 2462 εὐρυσθενέ’
925 2375 1120 2462 circulariter,
1142 2375 1280 2466 Σόιειριι

83 2465 178 2548 Τύχα.
224 2465 285 2551 Teia
298 2466 355 2552 yolo
370 2464 516 2553 lendorp
528 2468 730 2548 κυβερνῶνται
744 2465 819 2528 θοοὶ
834 2470 932 2543 Νοῖες,
952 2465 985 2529 ἐν
1005 2465 1100 2550 χέρσῳ
1120 2488 1152 2528 τε
1167 2468 1280 2549 lalun-

80 2553 132 2634 pol
147 2549 298 2636 snilepot,⁸
316 2549 452 2642 Ilpiyopol
468 2545 664 2633 βουληφόροι.
706 2551 772 2610 Νοσ
793 2557 943 2632 est'porro
957 2551 1091 2628 dubium,
1115 2551 1188 2631 quin
1203 2553 1280 2614 For·-

19 2639 20 2646 ’
77 2650 185 2700 tunam
197 2640 228 2698 in
242 2641 371 2699 lleornm
385 2649 473 2699 coetu
486 2636 621 2698 homines
638 2635 832 2714 collocarint,
855 2655 904 2714 ee,
927 2657 1056 2718 quornm
1073 2657 1175 2698 causas
1194 2637 1281 2718 igno·

77 2735 172 2800 rant,
201 2725 328 2786 lortuito
351 2723 434 2800 lieri,
462 2739 656 2800 megnamque
678 2731 794 2802 partem
814 2727 914 2782 rtrum
934 2721 1131 2784 humanarum
1153 2733 1229 2784 nutu
1249 2732 1281 2784 et

77 2809 209 2870 arbitrio
225 2811 372 2870 Fortunae
386 2809 546 2888 gubernari
565 2807 777 2868 existimantes.
818 2808 978 2884 Pausanias
994 2809 1100 2870 scribit
1119 2809 1150 2868 in
1162 2808 1281 2870 Mesae·-
1364 2825 1367 2836 ’

76 2895 158 2954 nicia
187 2883 246 2976 [ιν,
267 2901 317 2970 30,
338 2894 389 2974 6.]‚
410 2893 560 2973 Bupalum
580 2891 726 2970 quendam
749 2897 957 2974 praestantem
970 2895 1152 2978 templorum
1175 2893 1280 2978 aedifi7
1338 2911 1339 2919 ¹

77 2980 247 3042 cantiorum
278 2977 545 3057 fingendorumque
578 2977 748 3036 animalium
774 2977 916 3038 artificem
947 2979 1077 3060 primum
1108 2979 1279 3062 Smyrnaeis
1388 2985 1390 2990 ’

76 3068 232 3126 Fortunae
246 3074 372 3125 statuam
388 3063 512 3140 fecisse,
533 3061 636 3142 polum
652 3063 794 3142 incapite
811 3063 1010 3124 sustinentem·
1024 3074 1055 3125 et
1072 3065 1165 3125 altera
1187 3081 1280 3140 mauu

76 3151 255 3211 Amaltheae
282 3169 377 3209 cornu
403 3158 561 3208 tenentem.
609 3147 691 3208 idem
719 3146 857 3207 Achaicis
880 3147 953 3228 [vn.
974 3155 1035 3225 26,
1056 3149 1098 3228 8.]
1128 3149 1278 3221 admonet,

19 3283 20 3290 ,
76 3239 247 3296 Pindarum
261 3235 423 3295 Fortunam
438 3253 527 3292 unam
547 3253 563 3292 a
578 3231 679 3292 Parcis
702 3231 817 3307 lacere,
842 3253 965 3313 eamque
988 3235 1120 3297 omnium
1139 3253 1278 3298 sororum

19 3311 21 3380 ἶ
75 3321 336 3402 potentissimam,
359 3317 464 3400 quain
482 3338 517 3377 re
536 3337 568 3378 ιο
589 3317 635 3376 illi
657 3317 789 3376 assentiri
808 3317 893 3379 dicit.
935 3319 1062 3383 Pausau.
1083 3319 1177 3380 verba
1196 3327 1308 3390 runt.
1375 3337 1379 3350 ·
1422 3327 1431 3344 ‘

74 3403 154 3488 'hjyoi
171 3403 228 3488 plo
245 3398 302 3471 οὖν
315 3397 474 3485 Πινδάρου
486 3397 524 3464 τό
548 3394 579 3464 ι’
598 3397 672 3464 itta
691 3404 838 3482 πείθομαι
859 3406 899 3488 τῇ
917 3397 997 3490 ρι’δρῖ,
1019 3403 1071 3468 sol
1094 3407 1225 3487 Μοιρῶν
1246 3423 1279 3467 τε
1352 3489 1359 3498 ¹
1430 3423 1431 3430 ¹

76 3489 161 3556 elcan
177 3493 250 3574 pice
263 3487 320 3570 τὴν
338 3483 455 3569 Τύχην,
477 3483 528 3570 ναὶ
545 3483 622 3568 υἰιέρ
639 3483 692 3561 nio
706 3481 838 3564 distorte
852 3486 881 3550 el
894 3485 1018 3569 ἰσχύειν.

170 3586 198 3642 t.
221 3595 320 3645 ouer
349 3593 459 3634 arura
491 3569 664 3650 durren]
695 3572 945 3652 quemadmodum
966 3593 1059 3654 supra
1079 3571 1138 3635 Od.
1159 3593 1275 3637 mur.

76 3669 120 3738 [c.
134 3665 201 3736 ἓν]
219 3661 392 3740 Neptunum
406 3657 526 3718 Tarenti
544 3655 696 3715 custodem
714 3656 790 3718 dixit
803 3658 964 3738 noualiam
980 3658 1018 3719 ob
1035 3677 1166 3733 causam,
1188 3679 1279 3739 quam

77 3749 165 3828 quod
180 3746 226 3806 illi
240 3765 273 3806 ea
287 3745 318 3804 in
331 3743 405 3804 urbe
418 3742 563 3822 templum
579 3750 641 3801 erat
656 3751 872 3802 consecratum:
895 3743 939 3802 sic
952 3751 981 3804 et
993 3741 1053 3804 hoc
1071 3741 1140 3804 loco
1155 3745 1281 3820 Antium
1408 3743 1411 3750 ⁴

77 3835 122 3900 eit
136 3855 155 3891 a
167 3821 298 3891 Fortuna
315 3828 388 3906 regi,
408 3825 535 3906 proinde
553 3845 588 3885 ac
607 3825 632 3884 ei
652 3825 781 3903 diceret,
801 3827 964 3888 Fortunam
979 3828 1068 3889 Antio
1084 3849 1224 3909 praeesse
1240 3849 1282 3890 ao·

75 3917 277 4003 praesidere„
300 3911 360 3974 hoc
383 3923 444 3988 est,
474 3909 635 3971 Antii-coli
652 3911 862 3992 sacrificiisque
882 3914 1065 3976 sollennibus
1085 3913 1219 3994 placari,
1233 3914 1279 3974 'ut

75 4003 166 4066 urbis
181 3999 345 4062 custodem.
369 4008 399 4058 et
412 3998 456 4056 ita
474 4015 561 4076 saepe
574 3995 615 4056 Μ.
629 3995 706 4074 Tull.
728 3997 870 4076 loquitur.
890 4019 952 4058 uon
972 3999 1061 4079 louge
1080 3999 1197 4060 abiero:
1219 4019 1277 4079 pro

76 4094 148 4168 lege
160 4088 236 4147 Man.
253 4083 319 4164 [24,
334 4082 400 4161 70.]
422 4095 566 4163 testorque
579 4082 688 4140 omneis
697 4080 773 4141 Deos
784 4095 813 4146 et
828 4105 876 4143 eoa
890 4086 1031 4163 maxime,
1052 4085 1105 4166 qui
1124 4081 1194 4144 Ιιυίο
1207 4079 1276 4144 loeo

77 4170 247 4256 ternploqae
266 4164 439 4252 praesident.
460 4163 620 4246 Appellaut
644 4175 743 4226 autem
775 4167 882 4228 Graeci
895 4169 1011 4244 ileum,
1041 4168 1094 4248 qui
1120 4166 1221 4248 aliquo
1241 4167 1275 4228 in

76 4263 153 4322 loco
175 4255 337 4338 praecipue
360 4251 471 4312 colitur
486 4260 517 4310 et
537 4249 569 4309 in
591 4269 651 4332 quo
669 4249 796 4312 maxima
815 4251 872 4313 toti
893 4253 1005 4314 civitati
1026 4251 1209 4333 praesidinm
1229 4262 1276 4314 est

79 4343 297 4419 constitutum,
319 4337 490 4417 πολιοῦχον.
560 4413 562 4418 Ι
1112 4353 1115 4358 -

168 4437 199 4498 2.
220 4429 413 4502 Puteanus
434 4439 506 4481 vnn
527 4439 599 4479 ιιιο
614 4419 683 4500 ete]
704 4419 807 4498 idest,
827 4419 1274 4504 quaepotesetiamexiulimo
1357 4458 1359 4464 ι

78 4517 180 4600 μνᾶν
200 4525 231 4580 at
249 4509 319 4572 loco
344 4506 494 4571 hominem
515 4504 555 4568 ad
574 4524 722 4570 summum
748 4507 910 4588 extollere,
938 4515 969 4571 at
992 4514 1096 4570 contra
1115 4527 1133 4572 e
1152 4507 1272 4592 fatigio
