2874 5050
381 261 537 368 muru
583 239 728 329 nutv.
770 267 974 338 esa-se.
1114 253 1165 354 ᾗ
1226 271 1290 340 aas

86 453 171 512 qaae
195 430 272 494 sonti
294 429 477 513 Amymones
497 431 582 494 ilarii
606 395 779 515 propinqui
801 443 882 510 erat,
904 430 1018 497 vixisse
1039 453 1163 516 eamque
1183 437 1291 498 ceteris

84 507 198 600 laydris
227 519 431 596 magnitbdine
455 518 649 598 praestitisse.
686 529 780 600 caput
804 539 898 580 unum
917 521 965 598 ei,
993 540 1054 580 nou
1079 523 1169 602 plura
1189 524 1291 609 fuisse,

85 600 190 687 (quod
203 611 388 684 postremum
404 601 543 672 abhorret
556 603 593 664 ab
606 603 771 666 inveterata
785 614 814 666 at
827 605 1004 692 perbulgate
1021 609 1152 677 omnimo
1168 608 1290 690 opinio·
1310 666 1314 674 ,
1332 640 1334 648 ν

87 689 142 771 ne)
165 687 280 768 bydrso
300 709 362 750 uno
383 690 482 768 eapite
495 689 532 748 ab
552 689 851 768 Hercule'abseisso,
879 692 979 752 neseio
1005 701 1080 770 quot
1097 693 1155 754 alis
1173 695 1290 755 renasci
1413 723 1425 740 ι

33 839 35 847 ¹
88 774 253 834 consfictum
272 789 351 850 esse,
375 793 464 854 quam
485 776 656 856 opinionem
675 773 734 834 boe
753 777 825 836 loco
847 771 982 856 saq'uitur
1004 775 1155 843 Horatius.
1206 779 1290 841 Idem

86 859 253 926 Pausanias
271 857 384 918 ibidem
403 860 512 934 tradit,
535 859 696 920 Herculem
711 861 832 940 Hydrae
850 882 958 922 cruore
982 869 1012 921 et
1031 883 1145 922 veneno
1161 864 1290 925 telorum

87 964 214 1006 suorum
235 944 374 1024 cuspides
392 945 524 1010 tinxisse.
548 945 641 1006 multa
660 945 718 1008 alia
735 947 772 1008 de
784 946 882 1026 hydra
901 947 1037 1010 scribunt
1056 954 1179 1026 poetas,
1202 967 1290 1030 quae,

86 1049 129 1089 sae
146 1030 201 1090 aisn
220 1029 359 1108 longior,
381 1029 598 1110 praetermitto.
620 1029 726 1090 Horat.
743 1032 828 1112 epist.
846 1039 874 1098 1.
894 1033 932 1092 ad
949 1033 1027 1110 Aug.
1044 1032 1095 1096 lib.
1111 1039 1141 1098 2.
1164 1034 1206 1114 [v.
1225 1033 1289 1116 16]

87 1111 199 1182 Dirum
212 1115 264 1196 qui
275 1111 409 1176 oonwdit
421 1111 542 1195 hydram
552 1115 690 1198 Notaque
693 1114 798 1199 saecli
807 1123 944 1200 portentu
955 1116 1057 1179 labore
1068 1116 1190 1200 subegit,
1206 1115 1290 1186 Com-

86 1197 493 1281 perits'nuidium‚‚supremo
504 1198 706 1282 pinedomuri.
733 1196 746 1270 ’,
1168 1257 1171 1276 ,
1203 1203 1207 1213 ’
1389 1275 1390 1279 ¹

147 1297 156 1312 ·’
177 1287 227 1348 62.
248 1301 420 1368 rrauqun'
438 1299 580 1348 ulrvsr
593 1305 632 1346 ru
647 1284 701 1365 Η.]
720 1287 886 1364 subintell,
900 1308 990 1368 quam
1005 1283 1081 1347 haee
1094 1305 1165 1368 gens
1179 1287 1211 1348 in
1225 1295 1305 1350 nos.‘

159 1372 227 1436 68.
248 1369 522 1430 Mansrnrasva
549 1391 776 1432 soussnssna
798 1371 967 1450 Coeant]
984 1373 1041 1432 ‘vel
1060 1381 1162 1432 tauros
1188 1374 1291 1450 ignem
1317 1429 1319 1438 ,
1372 1437 1375 1448 ,

89 1453 269 1536 spiranteis,
292 1473 367 1534 quos
378 1463 482 1514 'tamen
502 1477 518 1514 s
536 1455 641 1516 Medea
659 1457 786 1517 edoctus
802 1459 890 1516 lason
911 1455 1011 1518 iunxit
1024 1469 1123 1517 aratro
1135 1467 1173 1518 et
1188 1478 1292 1536 agrum

88 1539 238 1598 sulcavit:
269 1539 319 1598 vel
347 1541 449 1620 potius
475 1539 635 1601 draconarii
660 1541 744 1618 illum
768 1544 936 1620 ingentem,
966 1541 1150 1618 insomnem,
1171 1543 1292 1604 velleris
1320 1579 1325 1602 2

89 1623 176 1684 aurei
186 1623 362 1690 custodem:
384 1625 435 1685 vel
455 1635 585 1685 armatos
603 1623 739 1686 homines
755 1647 793 1688 ex
807 1625 898 1688 buius
918 1627 1058 1686 draconis
1072 1627 1215 1694 dentibus
1229 1627 1293 1688 dis·

89 1708 242 1770 seminatis
260 1718 365 1779 natos,
400 1710 452 1790 qui
475 1710 616 1786 tandem,
644 1705 766 1772 Medeae
787 1712 967 1772 carminibus
994 1713 1152 1786 concitati,
1181 1713 1292 1774 mutuis
1330 1772 1335 1782 ,

88 1793 267 1856 volneribus
295 1793 426 1940 qantossi
452 1795 651 1858 ouucideruut
678 1797 768 1876 atque
796 1797 985 1860 interierunt.
1021 1798 1091 1858 vide
1112 1807 1222 1876 ‚annot
1252 1797 1292 1858 ad

90 1881 215 1940 ostra.
318 1923 325 1938 .
995 1935 998 1948 .
1187 1883 1189 1890 ’

77 2035 82 2042 .
132 2015 135 2020 ,
174 1899 539 2042 “flammam
567 1961 747 2108 Transap
765 1963 884 2024 'l‘b'ebae
907 1965 1052 2026 dicuntur
1073 1965 1234 2026 Echioniae
1254 1965 1292 2028 ab

89 2047 232 2124 Echione,
242 2048 346 2108 Cadmi
363 2065 481 2125 genero.
498 2048 683 2126 significatur
695 2069 732 2108 au
748 2070 794 2110 em
809 2047 869 2110 hoc
885 2050 957 2110 loco
966 2050 1058 2130 draco
1073 2052 1124 2111 ille
1139 2053 1226 2112 Marti
1241 2071 1293 2111 sa·
1390 2093 1393 2100 -

91 2155 151 2210 cer,
169 2133 302 2194 Aretieni
323 2133 416 2192 fontis
438 2143 558 2209 custos,
579 2152 669 2212 quem
690 2133 823 2194 Cadmus.
841 2143 1020 2216 propterea,
1044 2136 1127 2214 quod
1148 2156 1224 2210 eos,
1238 2135 1292 2213 qui

91 2239 130 2277 err
146 2219 201 2278 illo
223 2219 307 2280 fonte
321 2217 527 2297 aquabantur,
544 2218 690 2292 necabat,
712 2218 807 2281 iratus
826 2219 993 2280 interfecit:
1015 2239 1056 2278 ex
1080 2219 1166 2278 cuius
1186 2219 1293 2280 denti·
1408 2239 1411 2244 ·

89 2303 165 2378 bus,
188 2303 319 2363 Palladis
335 2303 451 2362 monitu
465 2302 546 2377 satis,
568 2303 629 2362 nati
642 2311 712 2361 sunt
732 2303 864 2381 quinque
875 2301 1009 2362 homines
1024 2305 1141 2378 armati,
1162 2304 1291 2379 lldeeus,

76 2385 277 2461 ,Chthonius,
299 2387 402 2460 Pelor,
423 2385 619 2466 Hyperenor,
641 2377 757 2458 Echion
778 2382 980 2468 (Pherecydes
999 2395 1097 2446 autem
1115 2397 1146 2446 et
1161 2387 1293 2467 Apollo*-

90 2477 159 2534 aias
174 2474 270 2534 multo
292 2474 407 2553 plureis
422 2480 507 2532 natos
529 2491 593 2532 esse
607 2467 728 2555 volunt)
751 2471 803 2549 qui
821 2491 923 2532 omnes
937 2477 1057 2550 praeter
1071 2489 1164 2531 unum
1181 2469 1293 2530 Echio-
1335 2479 1339 2490 ¹

91 2577 160 2618 nem
186 2559 298 2618 mutuis
322 2555 460 2618 similiter
484 2555 659 2618 vulneribus
683 2556 778 2615 saucii
806 2558 969 2634 perierunt.
1010 2555 1095 2634 Virg.
1130 2553 1238 2634 Geor-g.
1260 2561 1292 2620 2.

94 2643 136 2725 [v.
152 2629 213 2708 stu
227 2641 305 2722 sqq]
322 2639 401 2700 bano
413 2651 573 2720 utramque
592 2641 725 2700 sebulans
736 2643 846 2719 tangit,
869 2639 957 2700 Haec
969 2637 1039 2700 loca
1056 2662 1114 2703 non
1129 2641 1210 2716 tpari
1223 2640 1292 2719 spi-

92 2737 198 2788 rantes
208 2725 330 2786 nuribus
345 2727 441 2806 ἰςηιηι
457 2723 616 2804 lsruertere,
639 2724 713 2785 satis
728 2727 866 2786 immonis
880 2723 1014 2784 dentibus
1026 2721 1130 2807 hydri,
1151 2717 1215 2784 Neo
1227 2744 1292 2804 go-

93 2810 146 2873 les‘s
162 2809 314 2894 &asiaque
330 2813 424 2870 uirum
441 2832 520 2890 seges
534 2807 647 2868 tonsis
663 2808 765 2877 leuatis.
779 2807 843 2870 Sed
855 2807 999 2890 gravidae
1010 2805 1115 2892 fruges
1128 2817 1184 2870 etc.
1206 2807 1292 2868 Hauc

93 2895 224 2964 fabulam
243 2895 436 2976 persequitur
450 2895 521 2954 item
534 2895 637 2973 Eurip.
651 2895 682 2954 in
694 2893 846 2956 Phoeniss.
865 2904 893 2953 et
908 2893 1048 2974 Apollou.
1069 2894 1119 2952 lib.
1134 2901 1166 2962 3.
1182 2891 1292 2972 Argon.

148 2979 153 2986 ’
177 2984 227 3050 65.
257 2981 407 3042 Marsas
435 2995 641 3039 ra'orurno
669 2978 752 3060 ate]
779 2980 804 3038 si
826 2987 938 3040 merses
959 2979 990 3038 in
1017 2977 1293 3058 mare„pulcbrior

93 3069 233 3145 emergit,
257 3067 283 3126 si
301 3065 416 3124 luctare
435 3073 492 3126 etc.
513 3085 574 3124 non
588 3063 779 3124 dissimulabo
792 3065 822 3124 in
839 3085 899 3124 uno
916 3073 1007 3144 atque
1021 3064 1118 3124 altero
1132 3063 1210 3124 libro
1225 3083 1293 3140 ms·
1344 3102 1348 3110 ι

92 3153 249 3234 uuaeripto
263 3170 311 3210 me
330 3151 477 3230 scriptum
494 3150 657 3229 reperisse,
679 3155 796 3212 Mersus
812 3146 966 3234 profundo
986 3157 1060 3219 ete„

176 3244 226 3304 66.
254 3233 453 3318 rnoausr]
483 3243 665 3314 prosternet.
685 3231 845 3318 promendi
867 3233 959 3292 verbo
988 3234 1075 3294 etiam
1102 3253 1193 3312 supra
1219 3251 1292 3292 usus
1308 3225 1338 3246 “’

94 3333 140 3384 est
154 3322 211 3383 0d.
227 3341 327 3380 xxxv.
346 3320 399 3380 lib.
417 3326 444 3384 1.
460 3319 501 3399 [v.
518 3323 556 3384 13
572 3317 631 3398 sq.]
653 3317 801 3378 iniurioso
815 3316 933 3398 neptale
944 3340 1072 3397 proruas
1087 3316 1220 3378 Stantem
1233 3339 1294 3378 oo·-

95 3407 234 3469 lumnam.
256 3415 287 3463 et
301 3405 390 3462 Luor.
405 3403 457 3464 lib.
471 3411 501 3469 8,
519 3403 563 3482 [u.
579 3402 665 3482 823]
688 3417 884 3486 nequeuntem
898 3421 1023 3484 corporo
1038 3401 1155 3476 desunt,
1177 3399 1230 3460 Ea:
1244 3405 1293 3460 in·

90 3493 177 3574 finito
195 3513 269 3571 quoe
280 3491 395 3570 possint
406 3487 487 3568 sorte
501 3503 601 3548 coorta
619 3485 759 3548 Proruere
772 3486 849 3546 bunc
864 3507 957 3574 rasum
973 3483 1099 3546 violento
1109 3483 1292 3562 turbine‘nro.

18 3647 20 3652 Ι
95 3571 159 3638 lene
184 3584 214 3634 et
231 3576 259 3638 5·
283 3571 322 3652 [V.
338 3571 421 3650 869]
444 3569 584 3632 Promeae
596 3571 674 3632 bonu
691 3593 784 3630 rerum
801 3569 928 3630 uiolento
945 3567 1058 3628 turbine
1072 3591 1226 3628 summam.
1248 3571 1293 3630 sic

96 3661 171 3722 enibr
188 3658 349 3734 utrobique
368 3656 599 3735 estlegendum,
623 3677 681 3716 non
700 3665 848 3716 corruere:
872 3665 906 3723 ut
924 3655 957 3714 in
970 3652 1093 3713 scholiis
1108 3655 1293 3716 Lueretiauis
1390 3703 1398 3718 .

22 3761 27 3772 '
93 3745 233 3826 pluribus
247 3743 345 3804 verbis
361 3741 557 3802 ostendimus.
1248 3787 1254 3795 .

58 3819 63 3834 '
179 3823 229 3907 66.
252 3823 477 3905 surranum]
500 3826 615 3905 bostem
631 3825 717 3888 etiam
739 3824 886 3901 integrum
903 3831 934 3882 et
952 3820 1131 3886 ineolumem
1147 3835 1176 3886 et
1190 3827 1293 3906 paullo

96 3925 163 3974 anta
173 3915 330 3990 ,victorem
350 3911 522 3992 prolligabit
537 3931 573 3976 ao
587 3911 715 3989 subiget.
737 3931 806 3968 nem
819 3907 918 3968 minus
939 3917 1016 3970 esset
1030 3909 1155 3986 mirum,
1177 3916 1203 3972 si
1217 3894 1295 3990 aeriq-

96 4001 174 4060 cium
197 3998 374 4078 percelleret
395 4017 430 4056 ac
454 4005 650 4076 perverteret.

179 4088 229 4150 68.
254 4077 495 4142 cortinoruus
517 4075 751 4162 noqueunt]
777 4077 811 4138 id
835 4086 896 4154 est,
921 4077 1295 4155 coniugibuaoosnmemu⁴

95 4169 195 4230 randa.
239 4169 298 4228 Sed
320 4167 357 4226 ab
371 4177 511 4226 utrorum
527 4165 721 4244 coniugibusl
745 4183 900 4238 eorumne,
924 4163 977 4242 qui
995 4162 1137 4240 vicerint,
1157 4169 1295 4224 virorum

97 4273 217 4314 suorum
240 4253 442 4312 virtutemne
464 4251 622 4310 victoriam
645 4249 905 4328 praedicantibus:
937 4265 973 4306 en
997 4267 1118 4323 eorum,
1142 4251 1193 4328 qui
1217 4269 1296 4328 pro-

97 4338 181 4400 strati
198 4358 234 4398 ac
248 4337 366 4398 subacti
380 4340 457 4413 sint,
478 4335 561 4398 viros
582 4355 652 4396 suus
670 4334 844 4395 interemtos
865 4332 1104 4394 desiderantibus
1126 4353 1162 4392 ac
1183 4335 1296 4412 lugon·
1358 4357 1359 4362 ¹

96 4423 231 4575 mimz&
251 4507 512 4568 Kanrusernr
533 4523 610 4607 raas
634 4523 705 4567 uon
726 4502 820 4585 eoo]
842 4500 1005 4576 verisimile
1032 4511 1087 4580 est,
1102 4499 1295 4577 haibraium,
1380 4501 1382 4509 “

924 4587 1018 4651 Bb2
