2908 5056
128 260 193 324 sau
374 329 380 338 ,
508 197 1038 318 uo'aarncannrue'

128 423 254 506 tabens,
276 423 402 492 tittcttse
420 411 550 509 augendi
569 425 757 506 crucientur,
778 419 937 486 sedetiam
954 419 1112 486 amittendi
1128 438 1214 488 mets.
1241 441 1342 505 quam

84 567 87 581 ,
121 515 222 593 igitur
234 515 341 575 Cicero
356 513 510 582 libidinem
524 513 653 614 seqendi
667 512 762 590 dixit,
784 499 927 576 Horatius
941 513 1087 570 maiorem
1094 507 1217 595 samem
1229 509 1341 570 nomi-

129 607 196 658 nat:
219 619 307 679 quem
328 600 379 660 ille
400 607 512 658 metum
528 597 701 674 amittendi,
723 597 774 660 hic
795 617 908 658 curem.
951 595 1011 656 Sed
1029 597 1120 674 pauci
1135 593 1213 654 banc
1229 597 1341 655 curam

128 684 343 764 extimescunt,
366 683 458 764 pauci
477 685 633 764 pecuniam
656 691 862 744 contemnunt.
910 681 1070 742 Anacreon
1092 681 1230 760 quidem,
1253 681 1344 741 duo-

127 769 184 829 bus
200 791 216 830 a
233 769 393 850 Polycrate
413 768 514 829 Samio
535 769 827 850 talentisacceptis,
851 787 920 827 uuus
942 767 1017 828 dass
1039 769 1098 826 issu
1115 767 1232 826 siocteis
1246 767 1346 826 ineo-⁴

127 855 232 924 tunsis,
244 875 318 934 prae
345 875 417 920 cura
438 853 641 915 traduxisset:
655 875 699 931 ‚ea
719 853 898 915 'remittenda
921 853 960 914 ad
979 854 1072 912 illum·
1087 853 1240 927 curavit,.
1254 849 1342 910 banc

127 959 218 1001 unam
235 941 309 1001 lacti
332 928 379 1002 sii
400 957 519 1000 oausam
542 941 682 1015 afferens,
705 934 744 1002 osi
760 941 910 1019 τιμᾶσθαι
929 933 1005 1008 oded
1026 941 1082 1018 τῆς
1100 932 1282 1018 φρόντίδος,
1305 936 1343 995 id
1431 967 1432 972 κ

127 1035 189 1103 eet,
210 1046 272 1087 non
295 1028 376 1086 tanti
396 1047 429 1086 ea
452 1047 468 1086 a
490 1026 627 1103 sederi,
651 1035 763 1106 quanta
784 1025 837 1084 illa
856 1044 929 1084 cura
954 1024 1071 1084 suisset.
1113 1022 1203 1083 Hunc
1221 1032 1342 1082 metum

127 1111 268 1192 pluribus
286 1111 388 1172 verbis
406 1111 549 1170 describit
571 1122 604 1172 et
619 1113 751 1189 exagitat
771 1110 848 1172 Hor.
859 1112 959 1189 Satyr.
975 1117 1004 1174 l.
1022 1109 1078 1168 lib.
1094 1113 1122 1176 1.
1142 1107 1182 1188 [v.
1197 1113 1240 1173 76
1253 1107 1340 1187 sqq.]

125 1194 180 1258 An
194 1193 320 1276 vigilus-e
333 1211 411 1256 metas
422 1199 591 1256 exanimem
612 1198 778 1278 nomedpae
795 1193 913 1278 diesque
929 1191 1103 1254 Formidurs
1117 1189 1213 1254 malos
1229 1191 1338 1274 fus-ea,

127 1279 281 1358 incendic,
302 1297 415 1357 servus,
437 1279 485 1340 Ns
496 1295 524 1340 te
538 1278 870 1364 compilentfugs'entes,
892 1277 949 1340 hoc
964 1275 1075 1357 musti)
1096 1277 1201 1338 taram
1216 1277 1344 1358 Semper

126 1385 180 1445 ego
195 1380 325 1446 optarem
336 1366 543 1450 pauperrimus
557 1387 617 1426 esse
637 1363 787 1426 donorum.
812 1365 941 1424 alterum
960 1373 1059 1423 autem
1073 1363 1206 1438 malum,
1229 1381 1344 1440 nempe

121 1449 275 1512 maiorum
290 1453 398 1512 tarnem
412 1471 465 1510 seu
482 1451 612 1529 augendi
629 1449 783 1510 libidinem
797 1459 828 1510 et
843 1449 1051 1530 cupiditatem,
1073 1458 1108 1507 ut
1125 1447 1342 1526 gravissimum

127 1535 296 1610 eructatum
317 1547 460 1616 precatur
480 1535 580 1596 araris
599 1533 780 1596 Theocritus
797 1535 851 1597 s's'd.
867 1530 912 1606 ις’.
935 1533 1017 1614 qnod
1038 1533 1215 1593 inscribitur
1227 1532 1342 1616 Ἱέρων,

94 1663 98 1674 ·
130 1621 171 1703 [v.
181 1625 224 1688 64
238 1621 317 1702 sqq]
341 1621 487 1704 Kamiros,
500 1617 581 1696 ὅστις
592 1627 690 1706 coice·
712 1613 885 1703 dosipsdpoc
901 1617 935 1682 dd
948 1619 981 1682 ol
992 1615 1205 1718 slq'btppoqog,
1221 1618 1289 1680 olel
1307 1615 1343 1678 dt

89 1717 94 1724 '
126 1701 265 1770 πλεόνων
282 1707 344 1789 ἔχοι
361 1709 465 1786 ἵμερος
485 1701 585 1769 αὐτόν.
609 1707 646 1766 de
669 1705 772 1766 eadem
797 1701 842 1764 sic
862 1703 968 1764 Horat.
991 1704 1052 1764 0d.
1066 1723 1156 1780 xxiv,
1173 1702 1265 1762 huius
1284 1703 1343 1762 lib.

128 1789 171 1872 [v.
189 1796 231 1858 62
245 1793 324 1872 sqq]
355 1790 476 1852 Scilicet
497 1789 650 1872 improbus
670 1789 810 1851 &escunt
833 1787 964 1886 diuitiae,
986 1802 1084 1848 tamen
1107 1787 1216 1848 stertas
1237 1790 1344 1890 mariq

125 1873 493 2039 tdttttd‘ttttz
506 1871 1344 2044 tttttntlffllttt.tltdtittjttld:

124 2034 216 2136 pluro
229 2048 375 2128 plorasti,
386 2045 486 2113 [lbnto
506 2043 597 2128 pluto
617 2047 716 2126 capis,
739 2041 853 2106 nulline
859 2043 993 2128 fernme
1010 2042 1130 2106 audes?
1150 2053 1209 2103 etc.

212 2137 262 2198 18.
284 2131 378 2192 luas
398 2129 647 2212 reanoaans]
670 2129 702 2190 id
718 2139 773 2205 cst,
793 2149 856 2189 uon
870 2127 1020 2189 immerito
1036 2129 1155 2188 disitias
1168 2129 1342 2203 immensas,

128 2233 260 2277 summos
272 2215 404 2278 bonores
419 2226 449 2277 et
464 2217 584 2276 nimium
600 2215 767 2296 potentium
783 2215 857 2292 fugi,
871 2214 1115 2294 quandoquidem
1129 2225 1192 2274 tam
1203 2215 1343 2274 sollicito
1431 2255 1432 2268 .

110 2303 159 2360 ,ot
174 2299 265 2358 auxio
280 2303 380 2362 auimo
399 2311 470 2362 sunt
483 2303 657 2382 pecuniosi,
678 2299 845 2360 bonoribus
864 2301 962 2359 ornati
979 2321 1016 2358 sc
1033 2307 1181 2378 potentes.

215 2384 264 2444 19.
286 2399 396 2441 roua.
419 2384 640 2462 penarense]
661 2387 798 2447 attollere
811 2394 914 2466 caput.
929 2385 1019 2444 iliter
1033 2383 1091 2447 Od.
1105 2404 1127 2446 s.
1147 2384 1241 2449 litat.
1264 2382 1343 2464 [lior]

22 2517 24 2522 .
129 2460 382 2550 Sedliisslfiriens
396 2461 624 2526 sideroomtics.
668 2521 675 2544 ,
1161 2476 1170 2488 “

152 2559 161 2568 ’
214 2556 266 2618 21.
289 2550 452 2624 Quauro
477 2569 647 2620 QtrlsQUss
668 2571 746 2613 arur
766 2551 913 2630 renas]
934 2550 967 2612 id
986 2559 1048 2630 sst,
1071 2561 1185 2632 quanto
1209 2553 1342 2634 quisque

129 2633 273 2718 psuoiora
290 2623 488 2706 de'siderabit,
510 2645 595 2696 tanto
611 2635 731 2697 facilius
746 2638 943 2717 cupiditatem
957 2655 1041 2699 suam
1059 2637 1203 2718 explebit.
1431 2669 1432 2714 q

136 2761 140 2767 -
212 2725 264 2787 22.
284 2713 429 2802 renea]
452 2721 577 2800 auferet,
594 2721 734 2808 accipiet,
749 2729 961 2802 consequetur,
978 2723 1136 2786 obtinebit.
1150 2724 1221 2787 vide
1235 2732 1340 2784 annot.
1431 2731 1432 2822 q

127 2805 167 2866 sd
181 2804 238 2866 Od
254 2805 323 2867 νηί.
338 2805 390 2866 lib.
405 2813 437 2872 4.
710 2863 712 2866 ,
815 2826 822 2840 ·
877 2813 879 2816 “
981 2823 988 2831 ·
1156 2876 1161 2886 ι
1431 2833 1432 2856 i

148 2899 150 2913 '
210 2889 263 2958 28.
284 2911 329 2962 ur
351 2891 597 2970 rasussrroa]
619 2891 739 2951 tralatis
752 2911 806 2952 sess
820 2890 963 2973 allegoria
978 2913 996 2950 a
1009 2911 1043 2953 re
1055 2891 1187 2954 militari.

128 3027 136 3040 .
211 2979 265 3044 26.
291 2975 534 3036 Curram-raa
556 2997 647 3038 noar.
678 2992 833 3038 areana.
865 2977 954 3058 aaa]
983 2977 1043 3038 Sed
1071 2977 1226 3058 quomodo
1247 2969 1341 3058 qiiis-
1431 3037 1432 3040 ,

128 3079 220 3140 quam
233 3061 298 3122 eius
310 3063 354 3122 rei
369 3061 507 3122 dominus
523 3081 588 3120 esse
606 3071 723 3140 potest,
746 3081 835 3142 quam
849 3063 1022 3141 contemnit,
1046 3063 1152 3141 idest,
1172 3079 1341 3145 qaumnon

126 3143 221 3208 habet
238 3159 336 3226 tueque
361 3147 519 3226 possidet?
541 3143 658 3222 dicam,
680 3148 817 3226 quirem
838 3148 970 3226 aliquam
989 3151 1176 3227 contemnit,
1198 3151 1341 3230 quamvis
1431 3167 1432 3170 ’

128 3251 194 3292 eam
209 3251 269 3292 non
284 3233 454 3312 possideat,
478 3253 538 3292 non
555 3231 706 3292 desiderat
726 3243 840 3294 tamen:
864 3234 890 3292 si
904 3253 965 3292 non
979 3233 1149 3310 desiderat,
1167 3255 1227 3294 nou
1247 3245 1341 3294 caret.

129 3312 185 3393 dt,
210 3320 262 3398 qui
277 3317 383 3397 quavis
399 3313 431 3378 re
449 3327 621 3393 nausearet,
645 3318 709 3378 siue
724 3319 826 3378 verior
839 3330 884 3378 est
899 3319 1038 3378 dominus
1051 3311 1148 3400 euque
1161 3321 1264 3380 verius
1284 3337 1341 3400 po.

128 3403 221 3480 titur,
244 3421 332 3484 quam
352 3404 421 3482 qui,
444 3421 522 3482 quae
535 3402 645 3482 babet,
666 3405 703 3463 iis
724 3405 846 3465 utinen
869 3403 968 3464 audet.
1010 3403 1084 3464 Nem
1108 3407 1161 3486 qai
1182 3407 1218 3465 ils
1239 3407 1339 3481 bonis,
1431 3439 1432 3442 =

129 3507 207 3568 quea
218 3489 366 3568 possidet,
388 3491 479 3549 miser
494 3489 621 3562 abstinet
637 3509 673 3548 ac
685 3489 772 3548 timet
787 3490 843 3565 uti,
864 3499 899 3548 ut
917 3483 990 3548 alibi
1008 3491 1049 3550 ait
1065 3491 1180 3567 Horat,
1200 3483 1340 3570 prolecto

66 3581 74 3590 ‘
128 3573 154 3634 si
173 3590 278 3636 verum
292 3576 478 3654 quaerimus,
500 3574 605 3633 talium
626 3575 776 3634 bonorum
796 3595 858 3634 non
879 3585 925 3634 est
946 3575 1100 3662 dicendus!
1114 3576 1271 3652 dominas,
1293 3577 1341 3635 ul-

128 3665 203 3740 pot‘e
221 3679 297 3738 quse
321 3679 359 3720 ne
375 3669 497 3737 tangere
517 3659 638 3738 quidem
657 3661 775 3720 audeat.
825 3660 974 3740 Exemplo
995 3661 1036 3720 sit
1054 3663 1201 3738 Socrates,
1224 3663 1287 3743 qui,
1308 3661 1341 3721 in

128 3763 240 3824 pompe
258 3765 326 3804 cum
339 3763 444 3822 magua
464 3746 510 3804 ris
526 3745 593 3804 auri
609 3745 782 3823 argentique
798 3745 946 3820 serretur,
970 3743 1069 3824 (lemn
1084 3745 1179 3806 msrlre
1199 3769 1259 3807 nors
1281 3743 1341 3806 de-

112 3825 249 3896 -ss'dsroi’
267 3830 377 3914 ipquit.
390 3829 466 3910 [Cic.
476 3831 565 3890 Taso.
574 3829 612 3904 Q.
623 3851 652 3901 v,
661 3829 783 3910 32,91.]
807 3829 941 3890 Accedat
957 3831 1102 3908 Diogenes
1114 3831 1264 3910 Cynicas,
1288 3831 1341 3910 qui

129 3913 284 3994 dimittere
298 3915 431 3993 solebat,
454 3926 568 3994 quanto
586 3933 688 3994 regem
706 3917 863 3976 Persarum
883 3917 949 3991 vita
967 3915 1147 3997 somnusque
1164 3925 1339 3998 superaret:

61 4037 62 4040 =
130 3999 186 4059 sibi
203 3999 280 4060 nihil
296 4001 415 4074 deesse,
437 4001 483 4060 illi
496 3999 575 4060 nihil
589 4001 663 4060 satis
684 4019 826 4080 umquem
842 4001 924 4062 lore:
948 4021 979 4065 ee
999 4001 1064 4062 eius
1085 3987 1258 4083 volupiates
1279 4023 1340 4062 noa

130 4085 321 4162 desiderare,
349 4086 459 4165 quibus
484 4105 648 4166 numquam
670 4088 773 4148 satiari
791 4087 844 4146 illa
867 4095 985 4166 posset,
1014 4105 1084 4154 suaa
1104 4109 1172 4148 eum
1195 4088 1340 4168 consequi
1431 4133 1432 4138 κ

129 4169 214 4232 utdlo
231 4171 429 4252 modoposse.
468 4171 640 4246 Praeterea,
658 4172 712 4250 qui
730 4173 860 4254 pecunia
874 4173 921 4232 uti
944 4191 1006 4232 non
1027 4173 1132 4246 audet,
1154 4175 1282 4254 nequid
1302 4174 1340 4233 de

130 4275 245 4316 summa
258 4257 412 4318 deminuat
425 4277 460 4315 ac
472 4256 638 4335 deperdat,
659 4277 722 4316 non
741 4258 793 4317 ille
808 4261 954 4340 pecuniae
968 4259 1106 4320 domium
1120 4269 1186 4334 ast,
1210 4257 1263 4320 sed
1277 4259 1340 4318 eius

129 4343 256 4422 pecunia
271 4343 390 4402 domina
405 4351 459 4403 est.
500 4343 656 4404 Postremo
669 4343 702 4402 id
716 4343 864 4422 cuiusque
879 4344 1036 4424 proprium
1051 4353 1112 4422 est,
1132 4353 1196 4425 'quo
1211 4345 1339 4424 quisque

75 4471 80 4496 ,
130 4427 228 4488 utitur
243 4448 278 4488 sc
298 4428 425 4498 fruitur,
446 4436 483 4488 ut
498 4428 603 4507 scribit
617 4427 656 4490 Μ.
672 4429 752 4492 Tull.
768 4426 806 4488 'ad
820 4429 959 4489 Curium:
981 4429 1117 4507 quamvis
1135 4429 1341 4501 iurisconsulti

130 4512 365 4594 proprietatem,
388 4531 477 4595 quam
499 4513 672 4596 appellant,
695 4513 733 4576 ab
751 4514 913 4590 mulruotu
933 4525 1072 4596 separent
1088 4534 1126 4576 ao
1147 4515 1342 4598 distinguant,
1390 4530 1401 4585 ι
