2884 5044
356 351 391 384 ,Ι
437 286 523 350 sss.
544 289 569 352 1.
601 287 686 382 ¹ou.
707 287 729 352 s.
773 293 936 372 es-‚a
1221 311 1227 326 ·
1270 297 1313 361 ss

97 477 177 520 xxm.
199 453 248 537 [v.
269 455 363 538 ὄις]
394 459 552 520 Nom‘eeu
573 431 736 522 mobilibus
753 415 835 522 veria
848 439 1003 524 inhorruit
1017 460 1177 527 Adventus·
1176 461 1287 540 soliis.
1355 492 1359 506 .

97 553 122 600 et
138 545 235 622 satyr.
250 563 307 606 vu.
322 542 420 610 tius.
445 543 484 624 [v.
501 543 566 625 82]
591 559 626 606 ut
638 548 865 610 nereis'ulienis
879 548 990 608 mobile
1005 549 1135 629 lignum.
1158 557 1189 608 et
1201 549 1285 628 epist.

96 627 260 706 adlugust.
273 626 371 707 [u,2,
396 627 481 710 172]
500 643 620 710 puncto
642 633 766 692 nsobilia
781 633 892 694 leorae.-
914 654 1020 694 verum
1042 634 1130 700 etiam
1155 633 1195 698 sd
1218 635 1286 692 ani-
1394 676 1396 687 .

94 731 181 791 mum,
212 721 250 772 nt
266 714 304 786 Q.
319 711 433 774 Metell.
454 714 493 774 ad
519 715 611 782 Cicer.
625 717 680 778 lib.
701 721 737 798 6.
746 717 835 800 epist.
858 717 915 800 [1.]
942 721 979 778 Te
992 730 1057 798 tam
1072 719 1180 778 mobili
1193 721 1227 778 in
1239 739 1286 778 me

96 819 225 879 meosque·
243 819 307 856 esse
328 798 434 866 ansolo
453 821 515 860 non
533 801 704 881 sperabam.
725 812 756 863 et
777 805 881 864 Cicero
896 804 936 864 ad
950 805 1060 866 Metell.
1077 804 1208 864 secunds
1221 803 1284 866 eius

93 883 153 942 lr'bti
166 883 251 964 epist.
272 904 328 942 uec
349 886 383 942 in
403 883 450 961 te,
473 897 509 944 ut
529 887 657 961 acribia,
680 891 783 948 animo
796 891 856 968 sui
877 891 1002 968 mobili,
1025 886 1082 948 eesl
1099 893 1147 950 ita
1167 889 1284 966 stabili,
1348 930 1354 952 ι

93 979 123 1027 ut
132 970 163 1027 in
175 989 242 1027 mess
256 989 331 1048 erga
343 979 373 1027 te
388 971 562 1050 voluntate,
583 975 675 1040 etiam
687 973 824 1034 detortus
839 973 878 1034 ab
892 975 1008 1057 officiis
1024 977 1103 1051 tuis,
1120 995 1283 1056 permone-

92 1075 152 1113 rem
171 1053 253 1114 Idem
267 1075 324 1134 pro
337 1053 374 1128 Q.
390 1054 476 1118 lloac.
493 1057 574 1118 Com.
590 1053 654 1140 [16,
668 1053 737 1140 49.]
753 1081 842 1140 quem
856 1059 1031 1120 bominem?
1053 1060 1168 1120 levem?
1189 1062 1283 1124 immo.

89 1141 307 1218 gravissimum.
324 1138 488 1200 mobilem?
509 1145 602 1202 immo
618 1149 910 1210 obtestantissimum.
931 1147 1039 1206 Caeam
1052 1143 1104 1210 lib.
1118 1147 1148 1212 3.
1161 1145 1198 1206 de
1211 1145 1281 1206 bell.

28 1255 29 1264 κ
91 1225 159 1284 Gall.
177 1223 300 1305 [c.10.]
324 1225 432 1305 Itaque
445 1247 516 1288 cum
530 1229 728 1311 intelligeret,
750 1235 862 1290 onmeis
871 1233 940 1310 sare
958 1231 1068 1294 Gallos
1083 1233 1173 1290 novis
1190 1230 1284 1300 rebus,
1307 1221 1308 1228 ἵ

89 1307 214 1387 nudus,
236 1321 265 1368 et
282 1308 328 1376 ad
349 1311 462 1370 bellum
481 1313 630 1374 mobiliter
650 1315 842 1397 celeriterque
855 1320 983 1378 metiari
1001 1325 1058 1378 etc'.
1082 1306 1166 1376 Idem
1183 1314 1235 1379 lib.
1247 1321 1277 1384 4.

89 1394 126 1474 [e.
137 1393 175 1472 5.]
197 1395 335 1454 mobileis
351 1397 384 1455 iu
402 1397 533 1474 consiliis
549 1399 702 1481 capiendis
716 1403 868 1484 appellat..
893 1401 967 1468 Hor.
982 1401 1035 1467 tib.
1053 1395 1091 1463 de
1107 1401 1180 1464 trte
1193 1407 1277 1482 polit.

88 1478 175 1560 [157]
196 1481 421 1568 mobilibusque
433 1481 520 1544 decor
532 1487 656 1545 naturis
669 1483 794 1545 rimaclus
807 1498 836 1548 et
851 1491 953 1554 onnia.

161 1570 192 1632 8.
215 1580 454 1629 ruaeeussrs
478 1587 656 1631 conuenta
683 1573 920 1655 nouosrsus]
942 1568 1098 1654 cogorlaic
1112 1569 1201 1632 abiis
1218 1561 1277 1632 dis·

87 1650 202 1727 scntire,
217 1651 270 1732 qui
282 1653 463 1727 tergeminos
476 1652 607 1716 honores
621 1657 775 1738 accipiunt
789 1668 994 1739 quaesturam,
1008 1657 1194 1732 tribunatum
1208 1657 1277 1736 ple-

86 1733 139 1808 bis,
166 1737 349 1808 aedilitatem
367 1739 526 1816 maiorem,
552 1747 739 1821 praeturam,
763 1743 969 1824 consulatum,
990 1763 1158 1804 censuram.
1200 1739 1296 1802 Nam'

87 1821 232 1897 tergemini
253 1843 316 1883 non
337 1843 404 1898 sex,
433 1835 485 1885 aut
507 1845 609 1887 senos:
638 1828 691 1888 sed
709 1829 875 1906 trois‚.aut
890 1839 994 1892 ternos
1008 1817 1188 1909 significant.
1218 1828 1274 1888 de·
1369 1832 1377 1902 ζ

88 1905 190 1965 eluant
202 1908 360 1986 tergemini
369 1908 486 1968 Horatii
500 1919 530 1969 et
543 1911 698 1990 tergemini
709 1913 841 1980 Curiatii.
865 1913 1119 1994 addeGeryonem
1131 1913 1274 1990 tergemi-

67 1995 157 2065 num,
179 1992 229 2052 cui
248 1994 306 2052 tria
329 2013 457 2074 corpora
471 1995 563 2055 luisse
577 1997 740 2058 confictum
755 2007 801 2058 est
821 2021 838 2057 a
857 1999 976 2080 potitis:
999 2019 1088 2080 quem
1104 1999 1216 2058 iccirco
1230 2007 1274 2060 ter

86 2075 206 2154 amplum
226 2077 306 2136 idem
326 2078 437 2140 ¹Horat.
460 2082 593 2162 appellat
617 2081 674 2142 0d.
698 2083 1154 2164 11n1.1ib.‚2.[v.7.]t.ucset.
1171 2079 1226 2144 lib.
1233 2085 1272 2150 r5.

86 2159 155 2240 [98]
183 2161 304 2240 Quidve
331 2167 495 2244 tripectora
520 2171 679 2250 tergemini
703 2171 753 2228 uis
773 2169 951 2248 Geryonai?
972 2167 1077 2248 Virgil.
1096 2167 1151 2230 lib.
1174 2171 1206 2234 8.
1228 2165 1272 2246 [v.

84 2245 159 2324 202]
181 2249 264 2307 Num
279 2251 435 2308 mocimus
448 2251 532 2309 ultor
548 2256 718 2332 Tergemini
737 2275 806 2328 nece
822 2255 971 2335 Geryonis
983 2265 1042 2315 etc.
1066 2251 1199 2314 Accedat
1212 2251 1272 2319 tri-

85 2351 146 2410 ceps
158 2332 318 2410 Cerberus,
335 2337 382 2393 sle
394 2355 453 2414 quo
468 2335 513 2394 sic
526 2334 663 2396 Tibullus
677 2337 751 2416 eleg.
761 2357 823 2400 1111.
837 2339 891 2402 lib.
906 2343 937 2405 3.
949 2339 993 2422 [v.
1007 2345 1050 2406 87
1058 2337 1116 2419 sq.]
1140 2339 1205 2398 Nec
1218 2358 1272 2396 ca-

84 2419 128 2472 nis
145 2422 298 2496 anguinea
318 2417 481 2481 redimitus
505 2431 592 2500 tergo
622 2432 764 2498 caterva,
804 2419 864 2484 cot
884 2434 945 2482 tres
965 2426 1040 2484 sunt
1060 2425 1188 2496 lbsgune
1209 2431 1272 2474 tse-

81 2504 286 2582 gemtnumque
304 2515 409 2578 sepsit.
443 2503 509 2563 Hoc
530 2506 623 2580 igitur
640 2507 773 2582 positum
794 2507 847 2582 sit,
865 2519 922 2580 per
941 2503 1121 2578 tergemtnos
1139 2495 1270 2558 honores

83 2585 132 2659 ael,
139 2585 210 2644 treis
224 2587 413 2662 magistratus
427 2581 608 2660 significari,
625 2601 692 2656 non
704 2601 771 2640 sem
793 2585 840 2640 vel
848 2622 859 2654 ‚
881 2581 1067 2659 qnodfmagis
1081 2581 1187 2656 probo,
1209 2599 1271 2638 am

83 2667 221 2748 piissimos
240 2679 271 2728 et
289 2667 435 2728 maximos
454 2665 595 2728 honores.
617 2666 643 2726 si
654 2665 741 2734 treis,
761 2663 814 2744 qui
828 2664 889 2724 sint
901 2663 953 2740 hi,
974 2654 1142 2726 videamus.
1162 2663 1270 2722 Hono·
1305 2707 1309 2714 .

84 2772 143 2812 rum
162 2753 271 2832 gratim
288 2763 361 2814 sunt
377 2751 428 2825 hi,
450 2760 624 2831 quaestura,
646 2751 780 2811 aedilitas
796 2749 907 2826 maior,
927 2746 1001 2826 (nisi
1015 2767 1084 2806 cuns
1096 2741 1271 2808 tribunatus

82 2837 340 2920 interponebatur,)
368 2846 523 2918 praetura,
547 2837 724 2900 consulatue.
752 2835 835 2916 quod
855 2844 885 2916 et
898 2833 940 2896 Μ.
952 2828 1072 2892 Tullius
1087 2829 1221 2891 declarat
1233 2828 1271 2888 in

83 2924 212 3004 Lucullo,
233 2924 338 3012 [lond.
352 2943 396 3000 rr,
412 2919 499 3006 1,1.]
543 2921 581 2983 Iu
591 2921 705 2982 Asiam
719 2929 861 3000 quaestor
870 2920 1032 3000 profiotus
1049 2936 1140 2992 aum,
1162 2911 1271 2974 deusde

85 3009 183 3068 absens.
199 3009 313 3068 aedilis
324 3011 452 3088 faetus,
474 3010 616 3068 continuo
631 3018 770 3088 praetor,
797 3007 924 3086 postire
948 3003 1111 3080 Africam,
1132 2997 1273 3058 irade'od
1296 3041 1299 3047 .

84 3096 277 3155 consulatum.
299 3105 330 3155 et
344 3095 378 3158 T.
395 3093 497 3154 Livius
512 3093 563 3156 lib.
576 3097 628 3160 32.
643 3089 700 3174 [7.]
713 3091 882 3165 annalium,
906 3089 1040 3150 Comitio
1058 3107 1113 3166 per
1130 3086 1175 3146 M.
1188 3085 1271 3144 tut-

85 3183 175 3258 eium,
209 3193 236 3239 et
257 3181 310 3242 Μ’.
328 3181 458 3243 Curium
476 3178 616 3238 tribunos
623 3177 722 3258 plebis
735 3174 994 3257 impediebantur,
1015 3170 1102 3254 quod
1119 3173 1150 3230 ll!
1166 3171 1271 3250 Quiu-
1340 3196 1342 3207 ·

85 3269 169 3326 otium
189 3255 381 3328 flaminium
402 3265 598 3324 consulatum
618 3284 653 3322 ex
677 3273 844 3363 qupesturu
858 3271 958 3342 petere
981 3279 1043 3318 non
1057 3255 1268 3338 patiebantur.
1301 3263 1303 3270 '

86 3351 143 3409 lom
164 3351 368 3430 (aedilitatem,
384 3360 626 3430 praeturamque
638 3345 808 3427 fastidiri,
830 3365 884 3406 nec
899 3365 958 3426 per
978 3343 1128 3404 bonorum
1145 3337 1270 3420 groslsee

86 3433 286 3498 documentum
297 3439 350 3495 sui
360 3433 480 3494 danteis
491 3435 619 3494 nobilem
630 3431 747 3492 tendere
761 3427 805 3491 sul
815 3431 1027 3506 consulatum,
1048 3425 1103 3486 sed
1112 3437 1270 3485 transcen-

87 3519 171 3581 tnta
183 3521 280 3583 medio
296 3543 420 3582 stimmo
438 3524 510 3580 imis
527 3523 716 3592 continuare.
766 3517 810 3579 De
830 3535 957 3577 censura
977 3522 1008 3574 et
1023 3512 1173 3576 dictatura
1197 3511 1270 3591 quid
1314 3567 1317 3576 ,

86 3607 182 3668 attinet
193 3609 313 3670 dicere'l
338 3628 407 3668 cnm
420 3607 570 3666 dictatura
584 3605 705 3687 quidem
720 3601 897 3663 difficilibus
909 3609 1029 3660 tantum
1045 3595 1280 3682 st-turbulentis¹

86 3693 189 3773 reipub.
210 3693 395 3775 temporibus
415 3690 552 3752 adhiberi
571 3691 659 3751 solita
681 3689 735 3750 sit:
766 3687 899 3748 censoria
919 3693 1019 3746 autem
1036 3682 1151 3743 notatio
1172 3701 1271 3761 neque
1332 3697 1339 3709 ⁴

86 3770 288 3858 impedimento
310 3778 457 3858 cuiquam.
467 3775 560 3838 fuerit
578 3795 738 3856 umquam,
760 3793 818 3854 quo
833 3773 932 3833 minus
945 3770 1006 3830 eius
1019 3769 1097 3829 ratio
1109 3767 1270 3828 hebetetur
1366 3776 1368 3782 ’

88 3861 114 3919 in
125 3865 255 3942 petendis
267 3863 449 3938 honoribus,
476 3871 506 3922 et
525 3858 811 3942 nonnumquam'de
831 3878 901 3940 rep.
913 3855 1036 3916 sublata
1056 3853 1111 3914 sits
1133 3871 1271 3914 censores

87 3947 202 4029 lenique
224 3949 283 4032 ipsi
309 3947 529 4029 subscriptione
554 3947 688 4006 censoria
711 3943 769 4004 sibi
788 3943 929 4004 standum
945 3960 1007 4000 essa
1021 3958 1184 4018 numquam
1203 3937 1270 3996 exi-

88 4033 240 4113 stimarint,
276 4043 316 4108 nt,
333 4033 466 4116 ostendit
486 4033 526 4093 Μ.
542 4031 620 4091 Tull.
640 4033 671 4092 in
683 4029 861 4113 'Cluentiano
878 4027 942 4108 [itta
960 4023 1068 4104 122.]t
1088 4023 1174 4086 Adde
1188 4021 1271 4102 quod

89 4137 120 4176 ex
131 4139 248 4181 censura
265 4119 343 4180 nihil
359 4119 398 4179 ad
413 4117 588 4196 (lignitatem
595 4113 726 4176 hominis
736 4113 902 4175 consularis
915 4111 1185 4190 accederc'potest,
1201 4125 1271 4166 cum

89 4205 244 4284 acnbatil.
262 4205 345 4266 Tull.
369 4204 401 4264 iu
424 4201 599 4278 Planciano,
624 4201 690 4282 [24,
706 4197 771 4280 60.]
796 4199 948 4260 honorum
963 4191 1070 4278 populi
1093 4193 1271 4266 finemesse

90 4292 275 4351 consulatum.
317 4291 370 4349 liis
389 4287 481 4368 igitur
504 4278 612 4367 positis
631 4284 825 4346 existimarim
848 4281 1012 4345 tentorium
1026 4295 1193 4357 ⁸numerum
1212 4275 1270 4336 lsoc

91 4375 146 4435 loco
164 4377 213 4438 rel
228 4366 410 4455 simpliciter
429 4384 459 4435 et
476 4371 606 4434 litterate
626 4380 657 4432 st
677 4369 800 4452 propris
821 4365 1045 4452 accipiendum:
1066 4363 1116 4424 vel
1129 4363 1271 4440 translate

91 4467 115 4518 et
124 4461 270 4542 proverbii
284 4461 365 4525 loco.
408 4460 442 4520 Si
454 4457 631 4538 simpliciter
643 4464 674 4517 et
686 4457 808 4537 proprie
823 4453 954 4539 placebit
964 4449 1077 4534 accipi,
1092 4448 1271 4535 tergeminos

28 4563 31 4584 ·
92 4543 205 4610 bonores
227 4547 426 4628 intelligemus
453 4543 633 4644 aedilitatem
663 4541 821 4618 maiorem,
857 4547 1045 4623 praeturam,
1073 4533 1270 4614 consulatum.
