2900 5050
156 225 222 294 ne
535 183 738 284 nomen
767 217 991 286 etenum

67 374 69 384 ’
159 413 243 482 mue,
265 395 291 456 ei
316 413 405 476 quem
426 384 575 472 magnum,
588 403 619 456 et
639 387 840 476 pree'etentem
859 394 977 476 vnum,
1000 395 1051 456 cni
1074 391 1180 458 eimr‘lie
1198 395 1361 474 alaniae,
1395 445 1398 450 .

160 493 252 562 etque
271 481 315 558 ei,
338 483 428 560 quem'
446 478 595 539 coneoleri
608 481 766 556 volumus,
788 480 949 558 occiderit,
971 482 1107 566 proferre
1121 481 1280 562 ponimur.
1315 483 1362 543 Eo

69 609 73 630 .
159 576 334 644 argumento
350 584 426 642 ,uiue
444 574 489 630 eet
503 565 627 626 Servius
643 566 797 648 Sulpicius
817 567 859 628 ed
870 567 1089 628 comoinmlum
1109 567 1149 627 u.
1165 567 1296 628 Tullium
1312 567 1362 628 Ci-

40 701 51 716 .
158 672 218 712 cer.
243 651 281 710 do
302 651 387 714 obitu
407 649 495 710 filine.
545 651 678 712 Primum
696 653 772 712 enim
794 651 944 732 ostendit,
966 653 1068 714 urbeis
1087 653 1309 732 antiquissimas
1331 663 1364 713 et

155 736 317 798 florentior.
334 734 472 796 funditur
483 755 546 796 eene
561 735 683 815 deletae,
704 736 823 814 deinde,
837 738 920 800 viror
937 739 1117 800 clerimimoe
1135 739 1294 800 interiisse.
1316 738 1364 798 eie

156 821 291 898 Serviue,
310 819 499 900 [edDiv.1v,
516 821 559 902 5.]
584 825 674 902 Quae
692 845 740 883 ree
760 823 838 884 mibi
852 846 915 884 non
928 823 1108 884 mediocrem
1124 821 1364 883 comniationem

156 909 285 985 attulit,
306 908 375 966 volo
391 907 451 966 tibi
469 929 715 986 commemorare,
736 912 861 988 risorie
871 908 976 970 eadem
988 931 1037 970 ree
1051 910 1109 970 tibi
1122 913 1257 968 minuere
1270 909 1363 968 dolo-

155 1016 219 1054 rem
228 993 339 1073 poenit.
381 995 431 1052 Ee
442 994 526 1052 Atia
539 992 658 1065 redime
665 1040 674 1072 ,
697 1017 767 1056 cum
779 995 821 1055 'ab
832 994 956 1078 Aegina
967 997 1129 1078 Megaram
1144 1017 1252 1056 nereus
1267 998 1364 1077 ηανξ-

153 1101 276 1160 garem,
300 1081 384 1158 coepi
402 1082 539 1158 regionee
556 1083 757 1140 circumcirca
776 1085 957 1162 prospicere.
980 1093 1055 1162 poet
1076 1093 1210 1152 meerat
1226 1081 1363 1162 Aegium,

154 1177 226 1224 ante
239 1165 384 1246 Megara,
407 1161 513 1224 dextra
528 1167 675 1246 Piraeue,
697 1171 827 1226 sinistra
846 1167 1028 1230 Corinthun:
1050 1189 1128 1250 quae
1147 1165 1264 1247 oppida
1280 1187 1362 1248 quo-

154 1249 229 1310 dam
242 1249 756 1332 temporeflorentieeimasaerunt,
777 1275 861 1312 nune
871 1264 1018 1334 precenta
1029 1267 1058 1312 et
1073 1252 1182 1312 diruta
1197 1264 1268 1312 ante
1282 1273 1362 1311 ocu-

154 1337 203 1395 lor
219 1337 328 1400 iacent,
374 1334 466 1416 Coepi
484 1349 598 1416 egomet
616 1360 733 1398 mecum
751 1341 798 1398 nic
815 1343 969 1420 cogitare:
989 1341 1089 1399 Hem!
1109 1360 1165 1398 noe
1181 1339 1363 1398 homunculi

105 1489 110 1502 ¹
154 1417 374 1502 indignemur,
396 1423 425 1480 ei
451 1426 523 1502 quie
546 1433 687 1484 nentrum
707 1427 823 1484 interiit
841 1436 898 1484 aut
917 1427 1035 1486 oocieue
1059 1437 1116 1502 eet,
1141 1445 1273 1506 quorum
1290 1427 1363 1482 vita

154 1507 274 1566 brevior
288 1529 349 1566 eece
361 1503 462 1584 debet,
485 1529 555 1566 cum
572 1531 634 1569 uno
652 1511 718 1570 loco
735 1523 779 1570 tot
794 1509 978 1592 oppidorum
992 1509 1148 1571 cadavera
1158 1513 1298 1590 proiecta
1309 1512 1364 1568 ia-

43 1661 46 1668 ·
155 1591 265 1664 eemrt?
288 1601 346 1652 etc.
366 1599 397 1652 et
418 1591 457 1652 M.
474 1593 553 1660 Tull.
576 1593 614 1656 nd
630 1596 815 1676 Torquatum
833 1597 885 1660 lib.
898 1603 928 1664 6.
946 1596 1005 1678 [ep.
1018 1595 1062 1676 4.]
1083 1599 1239 1656 Poetremo
1260 1595 1289 1654 ie
1309 1597 1363 1654 vir
1397 1594 1401 1602 ’

154 1677 205 1740 vel
218 1679 312 1736 etiam
326 1679 352 1735 ii
370 1679 434 1736 viri
445 1677 504 1738 lroc
519 1679 595 1740 bello
611 1681 803 1760 occiderunt,
825 1695 861 1742 ut
876 1681 1065 1764 impudentie
1079 1681 1222 1742 videatur
1233 1678 1363 1738 eandem

149 1765 323 1843 fortunam,
345 1765 375 1820 ei
388 1785 436 1822 ree
451 1777 551 1845 cogat,
572 1787 721 1828 renuente.
764 1770 816 1829 ste
831 1767 1004 1828 etAchillee
1018 1762 1109 1832 iterii.
1121 1763 1164 1846 φ’.
1180 1765 1362 1848 [v·107⁵q·]

154 1847 325 1929 Ly'eeonem
334 1867 425 1908 unum
441 1849 656 1912 eiiliiePriemi
670 1866 796 1914 mortem
814 1853 1035 1934 deprecantem,
1056 1857 1247 1934 pretiumque
1254 1853 1362 1911 salutis

154 1943 186 1994 et
200 1935 279 1996 vitre
293 1934 528 2018 promittentem,
542 1935 692 2015 hortetur,
711 1949 744 2000 nt
758 1959 854 2020 nequo
868 1940 968 2000 animo
984 1950 1111 2000 mortem
1126 1940 1214 2013 seret,
1238 1957 1361 1997 meeum

153 2039 219 2082 eene
232 2020 403 2080 Patroclum
416 2021 470 2084 illo
485 2014 580 2084 inulto
594 2025 764 2104 meliorem,
787 2047 819 2086 ne
838 2045 961 2106 qnoque
976 2025 1086 2086 eximie
1105 2024 1242 2104 corporis
1257 2032 1362 2082 statn-

152 2124 189 2166 re
210 2115 242 2166 nt
269 2103 496 2186 pulchritudine
515 2109 704 2188 praeditum,
735 2111 826 2172 Aeaci
849 2121 881 2172 et
899 2111 1035 2170 Thetidis
1055 2111 1168 2187 tilium,
1182 2155 1185 2164 ,
1198 2109 1247 2168 vel
1272 2115 1360 2169 otene

151 2189 204 2252 vel
218 2190 357 2262 meridie,
379 2193 430 2252 vel
444 2195 564 2274 verperi
577 2197 766 2260 moriturum.
811 2197 861 2257 Sic
883 2197 950 2272 ille,
971 2189 1068 2272 unt,
1086 2199 1190 2274 altae,
1213 2188 1293 2258 θάνε
1306 2193 1362 2256 καὶ

153 2270 208 2338 ov‘·
229 2277 279 2358 τίη
299 2269 467 2380 dioodpeae
491 2273 607 2358 αὕτωςς
628 2277 773 2346 nerem
791 2279 845 2346 eni
866 2277 1057 2362 Πάτροκλος,
1081 2276 1156 2362 ὅπερ
1176 2279 1226 2342 aio
1245 2275 1362 2344 πολλόν

152 2355 296 2442 dpeienv.
321 2355 384 2440 Οὐχ
397 2364 499 2446 cedet,
521 2356 586 2440 οἷος
599 2360 683 2448 unipoi
698 2361 791 2440 καλός
806 2390 837 2430 τε
853 2366 944 2450 μέγας
959 2389 1008 2442 τες
1032 2363 1153 2448 Harpis
1166 2360 1198 2427 δ’
1212 2359 1268 2444 εἴμ’
1286 2359 1361 2448 cipa-

151 2451 240 2519 ecto,
262 2439 322 2508 θεά
336 2445 374 2508 δέ’
385 2441 421 2526 μ’
436 2447 570 2556 ipeiecro
585 2429 699 2534 priano·
720 2444 801 2514 'Ati’
816 2451 865 2514 ini
880 2475 928 2514 eor
939 2445 1033 2539 κᾷμοὶ
1048 2446 1184 2522 θάνατος
1197 2449 1249 2512 nei
1266 2456 1361 2532 μοῖρα

35 2571 38 2584 ‹
151 2526 279 2614 κραταιὴ
289 2527 429 2594 ”Ecetrae
443 2557 463 2614 η
481 2527 529 2612 rire*
536 2580 545 2612 ,
567 2529 712 2618 e'iieiinu,
736 2531 758 2619 ἦ
772 2535 865 2618 μέσον
878 2529 961 2620 ἦμαρ
974 2547 1032 2602 etc.
1059 2537 1158 2616 Atque
1171 2535 1231 2594 hoc
1250 2536 1360 2596 eodem

150 2617 256 2678 mortio
278 2617 387 2678 noletio
409 2639 467 2678 noe
487 2619 533 2680 uti
554 2619 888 2688 intermeantium
909 2623 954 2703 [r.
975 2623 1055 2690 1037
1074 2619 1158 2706 emp]
1183 2621 1359 2696 ostendens,

147 2702 294 2778 Aeneam,
315 2703 464 2780 Xerxem,
487 2705 660 2786 Scipiones,
681 2709 844 2772 Homerum
860 2717 892 2768 et
907 2707 1147 2768 innumerabileie
1162 2709 1237 2768 elice
1253 2708 1358 2768 clerie-

148 2788 242 2850 eimoe
261 2790 349 2848 virne
366 2787 404 2848 de
430 2791 493 2852 vite
514 2791 694 2870 dececeieee,
726 2797 798 2856 Hoc
814 2797 908 2852 etiarn
927 2795 985 2856 tibi
1006 2805 1071 2854 tute
1088 2791 1241 2852 interdum
1258 2791 1360 2852 dicere

142 2877 265 2952 ponem,
292 2875 431 2933 Lumina
452 2879 497 2934 eie
518 2879 616 2938 nordio
637 2883 732 2938 etiam
751 2881 850 2939 bonue
869 2879 971 2940 Ancu’
992 2881 1133 2960 reliquit,
1158 2881 1226 2958 Qui
1240 2879 1358 2954 melior,

33 2989 36 2996 ¹
149 2980 244 3040 quam
257 2969 293 3018 iu
301 3003 311 3036 ,
333 2961 518 3040 multiesuit
532 2967 666 3045 improbe
680 2967 784 3026 rebar:
806 2963 881 3027 Inde
899 2967 961 3026 alii
975 2968 1066 3028 multi
1081 2987 1173 3044 regen,
1194 2987 1359 3044 rerumque
1384 2975 1390 2990 ¹

142 3055 298 3124 potenter,
324 3044 516 3122 Occiderunt,
539 3054 664 3131 magni-e
679 3056 734 3132 qui
745 3053 889 3132 gentibue
902 3055 1127 3134 imperitarunt.
1144 3061 1174 3111 et
1189 3051 1272 3131 apud
1289 3051 1358 3111 vir-

149 3129 200 3208 git.
218 3131 270 3192 lib.
289 3135 338 3196 10.
362 3131 485 3196 aeneid.
503 3133 546 3217 [γ.
562 3139 626 3202 469
641 3137 699 3217 eq.]
722 3139 839 3218 Iupiter
854 3139 1014 3199 Herculem
1033 3137 1071 3198 ob
1096 3137 1301 3207 imminentem
1325 3147 1359 3197 et

149 3217 355 3297 propinquum
373 3217 513 3278 Pollentia
525 3220 679 3282 interitum
692 3223 933 3302 ingemiscentem
947 3222 995 3284 hie
1011 3224 1112 3287 verbis
1126 3224 1256 3298 coletur,
1283 3223 1358 3280 Stat

63 3309 67 3324 '
149 3322 210 3360 rua
230 3305 343 3382 cuique
357 3299 438 3380 dier,
460 3304 546 3365 breve
561 3317 589 3366 et
603 3309 803 3388 irreparabile
817 3321 934 3389 tempus
953 3309 1104 3369 Omnibue
1121 3311 1280 3384 crinitae:
1300 3308 1361 3368 red

140 3389 270 3464 santum
284 3387 436 3448 extendere
440 3393 544 3479 suetis
549 3415 568 3468 ,ν
579 3395 652 3452 Hoc
664 3397 791 3454 virtutie
807 3417 894 3476 opue.
942 3397 1048 3455 Ἠοίας
1062 3393 1121 3454 cub
1135 3394 1291 3454 moenibui
1303 3395 1357 3452 al-

150 3475 193 3532 eis
216 3477 268 3534 un
282 3477 353 3534 nati
368 3473 497 3536 cecidere
516 3480 637 3538 Deum:
661 3483 739 3559 quin
754 3477 868 3540 occidit
883 3501 948 3540 uno
965 3479 1138 3561 Sarpedon,
1160 3501 1228 3539 mea
1237 3501 1357 3560 proge-

147 3561 266 3638 geniee‚
288 3562 381 3618 etiam
402 3583 464 3620 cua
490 3565 624 3634 Tanaim
645 3567 727 3626 Fata
745 3577 872 3643 vocant,
895 3565 1049 3647 meiaeque
1066 3565 1137 3624 dati
1151 3568 1290 3646 pervenit
1311 3561 1371 3638 ad¹

149 3647 227 3704 aevi.
270 3645 424 3707 Poetremo
440 3647 583 3709 Horatius
599 3649 717 3712 duobus
738 3653 813 3712 tocie
827 3673 884 3734 pro
902 3673 956 3730 eo,
978 3651 1120 3732 quaten
1142 3655 1230 3728 mori,
1250 3651 1358 3730 poenit

148 3732 194 3788 ire
209 3739 261 3790 eut
275 3727 415 3808 decidere,
439 3753 499 3814 quo
517 3737 642 3812 Aeneae,
658 3757 720 3816 quo
733 3737 839 3815 Numa,
862 3759 922 3818 qno
937 3739 1040 3798 Ancus
1055 3747 1086 3798 et
1101 3737 1203 3811 ceteri,
1223 3737 1283 3798 Od.
1296 3757 1355 3796 mr.

53 3864 58 3874 .
147 3815 200 3876 lib.
209 3819 238 3882 4·
257 3813 298 3894 [v.
313 3815 374 3895 14]
399 3819 480 3896 Noe,
503 3821 558 3880 ubi
570 3821 751 3899 decidimue,
768 3827 838 3904 Quo
847 3827 925 3904 piue
935 3823 1072 3900 Aeneae,
1095 3843 1157 3904 quo
1179 3823 1288 3882 fldlue
1306 3821 1357 3880 di·

150 3923 199 3960 vee
214 3901 359 3960 etAacue
374 3913 431 3964 etc.
445 3915 476 3966 et
489 3907 576 3987 epiet.
591 3908 629 3968 ed
638 3909 808 3970 Numicium
823 3911 875 3969 tib.
891 3917 919 3976 1.
937 3909 983 3991 [6,
994 3907 1057 3989 25]
1079 3930 1150 3968 cum
1164 3909 1235 3968 bene
1245 3919 1359 3967 notum

146 3989 293 4046 Portum
305 3987 466 4067 Agrippae
481 4003 509 4050 et
523 3995 578 4054 via
590 4005 620 4054 te
634 3998 822 4074 coaepexerit
833 3993 929 4078 Appi,
952 3997 999 4056 Ire
1016 4007 1117 4056 tamen
1128 4005 1233 4071 restat,
1247 3995 1358 4056 Numa

147 4093 209 4152 quo
224 4071 344 4132 deuenit
362 4085 388 4132 ei
402 4075 522 4139 Anaia.
553 4137 558 4146 ,

233 4161 264 4224 8.
283 4159 572 4250 ΙΤιτιιοισιηςιυι
603 4163 807 4246 unicorne]
844 4164 903 4226 Od.
918 4185 985 4226 m.
1006 4163 1061 4226 lib.
1077 4170 1109 4231 2·
1131 4163 1212 4248 [30·]
1240 4165 1357 4246 Longa

153 4241 319 4304 Tutanum
334 4247 448 4306 minuit
467 4257 613 4311 eenectru.

232 4332 263 4394 9.
290 4331 341 4392 Er
369 4330 484 4392 Iovre
512 4353 680 4394 ηωκιι
709 4333 860 4416 Meroe]
889 4335 979 4400 Hom.
1002 4330 1049 4400 it.
1071 4330 1105 4399 τ’.
1131 4333 1179 4416 [v.
1198 4333 1289 4420 178]
1315 4337 1357 4396 de

148 4411 266 4492 Minoi,
292 4421 377 4480 Toiae
398 4411 431 4480 δ’
445 4415 494 4482 tet
510 4412 669 4501 Κνωσός,
691 4415 804 4503 μεγάλη
821 4415 932 4495 adies·
947 4416 1027 4486 Mei
1046 4445 1077 4485 ee
1102 4421 1215 4494 Μίνως
1227 4415 1356 4486 'binim-

150 4521 204 4580 ρος
219 4497 449 4580 βασίλευεΛιός
465 4498 599 4589 pepo'ioe
623 4499 774 4590 ὀαριστής.
796 4507 815 4568 i.
865 4509 899 4569 tn
919 4508 968 4570 hie
988 4515 1087 4601 eutem
1111 4507 1262 4587 Gemino,
1281 4505 1357 4570 urbe
