2894 5052
429 275 515 342 LlB.
537 277 589 342 lll.
632 279 705 344 OD.
724 279 763 343 ll.
805 303 836 346 v.
859 288 1005 354 14-19.
1241 295 1313 371 ,243

107 457 177 508 tar:
201 455 306 508 contra
328 447 571 512 forressduerso
592 461 724 531 pectore.
788 453 922 522 Catullus
945 459 1043 518 Carm-
1065 457 1103 518 de
1127 459 1207 520 l’alel
1228 473 1312 542 nupt
1429 437 1433 448 .

2 598 3 616 ,
109 538 205 606 tane,
224 538 309 608 ssu]
331 535 441 594 Parcas
461 538 611 598 canenteie
630 549 660 598 et
680 539 768 600 Peleo
791 561 826 599 sc
846 541 966 606 Thetidi
987 544 1205 624 praedicenteis
1227 537 1313 624 lacit,

105 616 257 678 Achillem
273 619 316 678 eis
332 621 523 684 nasciturum¹
535 619 681 696 Hostibus
691 615 782 684 'laud
796 639 887 706 tergo,
909 625 962 687 sed
969 627 1054 710 sorti
1069 643 1186 710 pectore
1203 647 1313 692 notans.

105 703 153 764 lta
168 703 208 764 M.
226 703 337 766 daton.
358 717 465 768 orator*
478 709 526 782 (ut
542 708 647 768 scribit
662 709 701 768 Μ.
715 709 834 770 Tullius
853 713 903 771 lib.
920 719 950 778 2.
965 713 1002 774 do
1017 715 1092 774 Oret
1117 714 1155 772 sd
1173 715 1210 792 Q.
1228 717 1313 777 fratr.

2 851 3 860 χ
107 797 140 847 et
152 795 210 849 act.
226 792 256 854 5.
274 790 304 848 in
320 789 405 854 Verr.
422 789 460 854 dc
475 791 881 879 suppliciis)bl’dquiliarn
900 798 1000 858 multis
1018 799 1159 860 avaritie
1173 800 1314 862 critniui-
1431 837 1433 845 ι

2 865 3 909 t
106 871 167 932 bus
195 873 432 957 testimoniisque
457 879 646 954 convictum,
679 899 768 940 causa
790 903 887 962 prope
916 894 1071 964 perorata,
1099 885 1163 963 ipse
1184 887 1315 965 arrip'uit

107 959 323 1040 constituitque
335 962 367 1020 in
383 974 547 1042 conspectu
565 965 914 1046 animumstuqicarnquc
931 969 1022 1028 eiusa
1038 979 1160 1048 pectore
1175 971 1313 1049 abscidit,

105 1052 143 1102 ut
165 1042 321 1106 cicatrices
339 1049 473 1128 populus
489 1051 573 1108 lloni.
590 1051 765 1128 iudicesque
782 1055 951 1132 aspicerent
970 1055 1096 1114 adverso
1115 1075 1243 1134 corpore
1262 1078 1313 1116 ac-

2 1127 3 1154 *
106 1125 220 1207 ‘captas
240 1131 275 1190 ln
296 1131 363 1194 cod.
379 1135 513 1194 Ruinutii
528 1135 646 1196 Parnes.
664 1135 752 1198 card.
777 1146 807 1197 et
823 1137 855 1197 ia
870 1158 931 1197 uno
950 1139 1044 1204 Vatic.
1066 1149 1097 1200 et
1115 1141 1205 1202 Tora.
1228 1143 1313 1202 scri-

104 1223 193 1294 ptum
209 1225 255 1275 est
272 1213 411 1278 timidone
428 1233 517 1300 terga.
1060 1235 1063 1248 ¹
1120 1283 1122 1290 ,
1209 1225 1212 1232 ’

196 1303 247 1364 17.
276 1301 428 1362 Vssrns
452 1323 652 1366 suanacas
680 1305 839 1387 nascas]
863 1327 918 1367 cur
938 1307 1070 1390 repulsae
1092 1308 1216 1372 nescia?
1240 1311 1311 1391 quia

103 1382 219 1444 virtute
239 1397 427 1465 praestantes
442 1389 500 1450 viri
522 1411 538 1447 a
556 1393 672 1470 populo
686 1403 738 1452 aut
753 1393 875 1468 regibus
890 1391 1021 1456 bonores
1035 1415 1098 1454 non
1111 1406 1227 1476 petunt,
1250 1417 1312 1458 ne-

74 1507 77 1517 .
107 1487 168 1548 quc
189 1487 221 1528 rc
236 1473 263 1532 ci
279 1473 415 1552 periculo
433 1475 641 1550 committunt,
663 1479 864 1558 utrepulsam
880 1479 957 1540 serre
974 1482 1105 1560 possint:
1128 1481 1180 1540 sed
1195 1480 1312 1544 honore

103 1553 251 1634 proprio,
274 1557 389 1634 solido,
401 1557 473 1619 sliao
491 1580 526 1618 ac
548 1561 648 1620 stabili
668 1564 800 1624 contenti
816 1573 902 1638 sunt,
925 1565 977 1644 qui
997 1565 1103 1626 virtuti
1120 1565 1247 1631 debetur
1262 1577 1317 1642 at-,

89 1659 164 1716 *que
180 1639 257 1700 adeo
278 1641 432 1720 defertur,
454 1645 543 1707 etiarn
568 1646 594 1706 si
610 1667 673 1706 earn
694 1663 778 1726 reget
794 1656 823 1708 et
841 1651 946 1728 populi
966 1651 1133 1710 inornatam
1151 1661 1240 1731 atque
1257 1653 1312 1735 in·-

103 1721 282 1787 honoratam
302 1729 400 1790 iacere
417 1732 580 1809 patiantur.
626 1731 704 1794 Huic
722 1734 791 1792 loco
813 1734 919 1814 similis
940 1735 991 1794 ille
1011 1746 1057 1796 cst
1078 1737 1135 1796 od.
1150 1757 1184 1796 rr.
1207 1737 1260 1796 lib.
1279 1743 1310 1802 2·
1433 1731 1436 1738 ¹

105 1807 216 1890 [att-J
236 1810 399 1874 Redditurn
420 1812 488 1898 Gyri
500 1813 576 1878 solio
592 1815 738 1880 Phraaten
755 1815 909 1878 Dissidens
924 1818 1006 1898 plebi
1022 1845 1141 1882 numero
1157 1821 1309 1882 beatarum
1381 1835 1389 1852 ‘

103 1891 224 1954 Eximit
241 1899 350 1975 uirtus,
370 1897 569 1983 populumque
574 1897 675 1983 falsis
691 1899 821 1964 Deducit
842 1905 887 1962 uti
905 1902 939 1962 V
935 1902 1053 1980 abidae,
1076 1929 1194 1985 regnum
1210 1921 1238 1965 et
1258 1905 1311 1967 di·

102 1975 210 2039 adema
232 1995 325 2042 tutum
344 1981 486 2066 Drferens
508 1987 576 2061 uni,
595 1989 804 2068 propriamque
824 1985 959 2064 laurum,
984 1987 1124 2070 Quisquis
1145 2000 1203 2070 etc.
1249 1991 1312 2055 tta-

102 2083 166 2142 que
185 2065 234 2124 vir
250 2065 346 2128 bonus
359 2078 393 2128 et
409 2071 528 2149 sapiens
545 2091 604 2130 non
620 2081 664 2132 est
680 2072 786 2130 cona'ul
803 2073 889 2131 unius
901 2075 989 2149 anni,
1014 2071 1074 2134 Sed
1087 2077 1200 2156 quoties
1217 2074 1311 2144 donus

103 2147 284 2230 atqaefldus
301 2149 404 2214 ludex
414 2153 564 2215 honestant
578 2154 720 2238 praetulit
737 2152 806 2215 utili
820 2165 877 2220 etc.
893 2177 971 2236 quse
991 2167 1062 2222 sunt
1078 2159 1135 2221 0d.
1150 2171 1193 2223 ut.
1211 2161 1264 2220 lib.
1279 2166 1309 2227 4.

2 2287 3 2294 ,
104 2231 227 2312 [atet

149 2371 152 2381 .
187 2325 237 2386 18.
266 2317 558 2404 laeaniticus]
588 2321 692 2401 puris,
718 2321 860 2402 liquidis,
891 2340 953 2380 non
982 2319 1201 2381 contaminatis.
1259 2307 1321 2380 Sic'

103 2410 204 2462 autern
222 2403 337 2464 babent
356 2425 457 2465 ornnes
472 2405 541 2466 libri
557 2417 684 2484 veteres,
698 2416 728 2466 et
744 2427 820 2486 quos
836 2406 868 2465 in
883 2405 970 2464 ltalia
984 2405 1056 2480 vidi,
1075 2413 1104 2464 ct
1120 2425 1196 2484 quos
1212 2399 1263 2464 hic
1278 2405 1309 2465 in

105 2487 214 2564 Gallis,
237 2481 347 2568 Cldric.
367 2491 515 2552 Nicotian.
533 2493 678 2554 Russard.
697 2491 791 2550 ceteri
812 2499 932 2572 praeter
949 2509 1051 2552 unuin.
1080 2489 1170 2564 Quod
1195 2490 1308 2550 iccirco

104 2571 265 2654 admonui,
281 2594 322 2660 ,nc
338 2576 405 2654 quis
422 2573 471 2636 bic
485 2575 642 2654 legendum
659 2577 854 2658 pertinaciter
874 2575 1035 2636 contendat
1048 2574 1144 2634 fretus
1165 2575 1228 2634 sola
1249 2594 1307 2634 au·

3 2711 4 2722 .
105 2659 245 2718 ctoritate
264 2659 403 2722 codicum
419 2661 609 2740 antiquorum
626 2663 885 2736 incontaminatis,
908 2671 943 2721 ut
963 2661 1079 2740 syllaba
1100 2659 1197 2740 prima
1216 2659 1309 2720 huius

3 2801 4 2808 ,
104 2744 234 2804 nominis
249 2744 397 2824 pertineat
412 2745 450 2805 ad
460 2765 565 2806 versus
575 2748 740 2826 superioris
755 2738 899 2825 syllabam
914 2747 1058 2822 ultimam,
1068 2747 1155 2824 quale
1170 2753 1215 2805 est
1231 2745 1309 2806 illud

105 2822 269 2890 u-Xorius'
287 2833 384 2890 amnis
402 2830 459 2892 0‹t.
475 2852 508 2890 11.
526 2829 579 2894 lib.
599 2840 627 2898 t.
650 2853 739 2911 quom
761 2834 944 2911 scripturam
961 2843 1059 2892 tanuen
1073 2831 1136 2896 n'oa
1147 2831 1308 2912 improbo,
1370 2833 1372 2840 ⁴

104 2933 203 2994 nsque
220 2914 345 2992 damno,
366 2915 393 2973 si
409 2915 508 2976 doctis
521 2903 685 2997 piabatur,
707 2917 780 2996 quia
794 2925 1110 2996 receptae'antepono.
1263 2913 1268 2925 “

194 3003 242 3064 19.
263 3001 339 3060 Nec
367 3009 503 3075 roric,
529 3023 601 3062 aar
624 3001 764 3082 susara]
792 3002 823 3068 id
844 3011 906 3078 set,
928 3023 983 3061 nec
1004 3002 1129 3082 deponit
1148 3011 1200 3060 aut
1223 3001 1308 3082 capit
1348 3035 1350 3046 ·

104 3083 237 3144 honores
252 3085 378 3146 arbitrio
393 3079 549 3168 popularis
564 3087 708 3148 levitatis:
725 3096 755 3146 et
771 3087 888 3147 merito.
907 3087 983 3147 Naar
1003 3087 1055 3166 qui
1072 3087 1178 3146 virtuti
1193 3087 1305 3148 deben-

105 3180 157 3230 tur
173 3164 315 3246 honores,
330 3171 441 3255 debent
456 3191 520 3232 esse
536 3175 622 3248 certi,
637 3172 754 3253 proprii
772 3183 801 3232 et
814 3171 951 3232 stabiles:
966 3181 998 3231 st
1012 3171 1142 3232 honores
1158 3194 1174 3230 a
1193 3173 1308 3254 populo

106 3249 360 3332 delati,.iacerti3
381 3257 489 3318 breves
505 3265 534 3318 et
548 3257 623 3318 lluxi
638 3269 709 3318 sunt
727 3267 757 3317 ct
771 3257 808 3318 ab
824 3257 944 3333 eodem,
968 3257 1019 3335 qui
1035 3257 1127 3330 dedit,
1142 3257 1219 3334 eripi
1235 3279 1308 3338 pos·

105 3351 197 3402 sunt:
221 3351 266 3415 ut,
281 3345 370 3421 epist.
394 3344 432 3402 ud
450 3343 553 3415 Quint.
573 3343 624 3402 lib.
640 3351 666 3408 1.
686 3343 750 3424 [16,
764 3341 827 3421 38.]
853 3340 912 3420 Qui
934 3337 1014 3400 desiit
1029 3341 1085 3402 dcc
1105 3339 1208 3415 boalia,
1231 3364 1327 3416 crass
1425 3387 1428 3392 -

104 3427 132 3486 si
145 3424 233 3501 uolet,
255 3425 383 3509 auferet:
406 3441 448 3509 ut,
464 3429 491 3486 si
505 3425 772 3512 Detuleritsasceis
789 3424 929 3506 indigno,
949 3408 1080 3484 detrcliet
1093 3423 1179 3488 idem.
1211 3425 1306 3486 Pone:
1345 3425 1347 3428 ’

105 3533 205 3570 meum
216 3526 275 3587 est,
297 3512 401 3594 inquit.
425 3533 520 3593 pono,
542 3514 691 3595 tristisque
709 3511 822 3576 recedo.
866 3511 915 3570 Sic
935 3521 1034 3572 autem
1055 3509 1201 3570 hocloco
1219 3531 1308 3590 sqcu-

105 3597 162 3656 reis
175 3615 233 3676 pro
250 3599 409 3656 consulatu
422 3617 475 3676 peu
488 3608 629 3677 practura
644 3598 757 3678 posuit,
778 3608 814 3656 ut
826 3596 959 3656 Od.xv1.
973 3596 1026 3655 lib.
1038 3601 1068 3660 2.
1085 3600 1124 3670 [r.
1144 3597 1203 3668 lO.]
1221 3593 1309 3655 lictc·

106 3703 165 3739 rem
186 3680 369 3742 consularem
387 3703 444 3762 pro
462 3673 629 3748 consulatu.
652 3674 788 3743 solebant
806 3683 884 3743 enim
905 3692 936 3742 ct
956 3679 1128 3741 consulibus
1146 3683 1258 3740 Rornae
1278 3687 1311 3738 et

104 3767 295 3845 praetoribus
312 3766 344 3824 in
365 3767 520 3846 provincia
538 3769 633 3828 fasces
654 3777 684 3828 ct
701 3787 822 3840 secures
836 3766 996 3850 praessuris
1018 3765 1076 3825 nisi
1093 3767 1174 3846 quod
1195 3765 1227 3826 in
1242 3763 1308 3824 Oda
1340 3771 1345 3782 '
1414 3778 1421 3838 ζ

105 3851 245 3912 illa-xus.
268 3851 411 3936 liptorum
433 3853 635 3934 consularium
657 3873 766 3912 manus
790 3843 958 3933 s‘pectavit,
989 3852 1166 3932 quoderat,
1188 3851 1308 3912 turbam

106 3955 296 3995 summovere
319 3947 387 3997 ante
412 3940 562 4014 consules,
583 3939 635 4018 qui
657 3947 756 3999 tomen
770 3959 858 3998 curas
878 3957 1066 3996 summovere
1086 3957 1146 3996 non
1166 3945 1307 4018 possunt:

4 4087 5 4098 χ
104 4019 156 4080 hic
175 4023 560 4102 consularem-patestatem
577 4024 761 4104 simpliciter.
784 4025 844 4083 Cic.
865 4023 999 4083 oratione
1015 4023 1048 4081 in
1071 4018 1154 4082 Verr'.
1176 4023 1214 4080 ds
1233 4039 1309 4102 sup-

61 4118 66 4129 “
105 4105 205 4186 pliciis
221 4107 301 4187 [Act.
316 4127 348 4166 11.
361 4107 382 4166 L
398 4127 429 4170 v.
443 4114 474 4182 9,
489 4109 551 4190 22]
575 4103 706 4190 quaeret,
729 4101 916 4192 quamobreni
928 4105 1037 4194 fasces
1050 4105 1210 4190 praetorib.
1222 4127 1308 4188 prae·

104 4189 257 4270 ferantur,
280 4215 334 4252 cur
349 4215 462 4254 secures
476 4191 573 4253 datus.
1177 4227 1182 4237 ¹

195 4281 245 4342 19.
268 4276 468 4358 sacaaps‘s]
490 4289 661 4358 praeturas,
676 4279 858 4354 consulatus,
882 4277 1011 4358 denique
1026 4275 1157 4336 honores
1171 4284 1200 4334 et
1215 4273 1291 4351 magi

107 4369 230 4422 stratus.
252 4362 372 4422 Lucret.
392 4361 445 4420 lib.
463 4369 493 4428 3.
517 4363 664 4444 [v.·1009
678 4363 734 4442 sap]
760 4361 820 4440 (lai
835 4377 929 4441 petere
949 4359 1092 4445 a'pcpula
1106 4359 1221 4446 fasceis
1238 4380 1308 4418 sae-

106 4465 216 4526 uasque
234 4449 357 4508 secureis
376 4444 507 4525 lrnbibit,
522 4463 549 4510 et
569 4471 682 4534 semper
699 4451 794 4534 uictus
814 4449 961 4531 tristisque
981 4443 1098 4509 recedit.
1120 4443 1190 4507 vide
1206 4452 1299 4508 aanor

109 4529 371 4611 adSatyr.6.lib.
388 4538 416 4598 t.
540 4543 544 4556 ’
961 4599 1000 4610 ,,
1052 4573 1055 4580 ·

383 4655 388 4666 -
866 4615 938 4689 Qt
