2894 5052
112 237 114 250 '
148 265 214 336 aaa
529 258 729 326 τοτε-ιιι
757 223 978 343 usauria

149 439 254 500 urbem
270 459 287 500 s
303 436 468 498 Plearoniis
484 437 552 519 oapi
567 445 657 518 atque
678 437 772 498 averti
787 437 881 512 sinat,
903 436 1112 520 sia'laq‘uitur,
1135 439 1177 522 [v.
1193 441 1258 510 690
1270 439 1349 522 sqq]

149 524 213 587 Kal
228 519 296 588 τότε
310 520 349 626 dp*
368 523 546 606 Μελέαγρον
561 519 689 628 ἐΰζωνος
712 519 890 604 παράκοιτις
905 519 1031 588 Λλσσετ’
1045 521 1223 612 ὀδυρομένη,
1245 529 1298 590 stal
1320 527 1353 590 al

146 609 301 686 κατέλεξεν
323 631 442 684 enarra
461 603 576 688 llq'de',
598 603 650 672 oa'
667 602 859 692 ἇνθροέποισι
877 609 976 688 πέλει,
997 615 1058 674 τῶν
1073 608 1150 675 ἄστυ
1166 607 1267 697 ailqiq·
1280 608 1353 676 Ἀκι

148 697 223 778 δρας
235 692 290 774 μέν
305 696 472 772 κτείνουσι,
494 690 585 758 πόλιν
600 693 633 758 δέ
648 715 680 758 τε
690 699 752 774 πῦρ
767 689 930 774 apamien,
955 695 1051 759 Τέκνα
1067 697 1100 760 δέ
1118 691 1150 760 τ’
1162 694 1248 761 ἄλλοι
1262 695 1352 781 ἄγου·

147 799 195 856 σε,
218 776 417 862 βαθυζώνους
436 801 468 840 τε
488 786 642 862 γυναῖκας.
689 785 751 842 Τοῦ
775 775 806 842 d’
829 775 951 864 ω’ρλνετο
966 778 1068 862 θυμός
1089 777 1257 860 α’κοιέοντος
1272 779 1351 846 saed
1427 797 1433 812 ¹

147 863 228 948 ἔργα.
252 885 379 944 quoruos
397 883 540 928 versuum
555 864 630 926 haec
643 865 704 924 lere
722 867 866 928 sententia
886 877 945 944 est,
966 865 1051 927 Tunc
1066 868 1158 946 igitur
1170 869 1353 948 Meleagrum
1377 889 1386 910 ⁴

146 967 228 1012 uxor
249 951 405 1030 Cleopatra
433 951 564 1030 supplex
585 951 768 1028 lamentabili
788 971 864 1014 voce
889 953 1009 1028 orabat,
1039 954 1126 1033 eique
1150 956 1229 1014 mala
1252 955 1353 1014 omnia

146 1035 358 1110 enumerabat,
382 1055 457 1116 quse
471 1037 509 1094 ils
525 1037 684 1106 accidunt,
708 1057 835 1117 quoram
852 1037 924 1098 urbs
939 1049 1026 1120 capta
1048 1039 1096 1100 sit.
1139 1040 1250 1102 Hostes
1267 1041 1352 1100 viros

147 1123 287 1201 capiunt,
309 1119 392 1180 urbis
417 1119 549 1181 aedificia
573 1123 711 1182 incendio
735 1133 873 1198 vastent,
893 1133 983 1202 atqua
1005 1125 1037 1184 in
1059 1125 1188 1186 cinerem
1209 1135 1352 1186 vertente

146 1207 259 1268 liberos
278 1215 309 1267 et
327 1207 467 1268 mulieres
489 1207 540 1266 elii
563 1208 595 1268 in
614 1209 789 1268 servitutem
812 1195 975 1272 ebduc‘unt.
1019 1211 1090 1270 Eius
1113 1222 1213 1275 autern
1235 1213 1352 1270 enimus

148 1299 316 1354 commotus
329 1298 391 1370 est,
412 1292 464 1352 ubi
479 1291 553 1353 haee
569 1295 680 1354 atrocia
692 1295 825 1356 facinora
841 1295 981 1354 audisset.
1025 1283 1187 1357 deiohines
1204 1307 1304 1356 sutem
1321 1297 1353 1356 in

24 1377 29 1384 “
148 1387 224 1438 orat.
249 1373 324 1440 sarri
347 1383 538 1458 quosaroivs.
560 1379 620 1438 lroe
641 1379 731 1439 modo
753 1369 790 1440 de
806 1379 916 1441 Thebis
934 1380 972 1440 ab
991 1380 1162 1450 Alexandro
1185 1381 1353 1442 Macedone

147 1465 180 1524 vi
198 1464 376 1543 expugnatis
391 1483 426 1522 aa
440 1464 581 1544 direptis,
603 1464 644 1545 [e.
663 1464 745 1546 157.]
768 1460 845 1528 Ἀλλ’
859 1462 963 1546 ἐπειδή
977 1474 1040 1541 τοῖς
1054 1450 1192 1548 σοέμασιυ
1205 1461 1244 1532 asi
1259 1487 1353 1550 παρε·

147 1549 289 1636 γένεσθε,
310 1555 376 1623 ταῖς
392 1571 424 1630 γε
439 1549 587 1624 διανοίαις
601 1544 792 1632 ἀποβλέψατ’
809 1550 913 1625 αὐτοῖς
931 1551 961 1624 ές
974 1548 1027 1626 τοὶς
1042 1549 1211 1635 συμφοροῒς,
1233 1539 1288 1616 κοιλ
1303 1573 1352 1614 νο-

148 1637 255 1716 μίσατε
267 1631 342 1719 ὁρᾷν
357 1632 558 1716 ἁλισκομένην
575 1631 631 1716 τήν
650 1629 754 1712 πόλιν,
777 1641 881 1716 τειχοϊν
898 1629 1102 1714 κατασκαφάς,
1122 1632 1288 1720 ἐμπρήσεις
1304 1637 1352 1700 ol-

148 1723 236 1796 entis,
258 1712 407 1803 ἀγομένας
420 1727 567 1802 γυναῖκας
580 1721 632 1782 καλ
648 1723 760 1794 παῖδας
773 1720 803 1796 ἒς
817 1723 965 1798 teusetae,
980 1718 1149 1804 πρεσβύτας
1164 1718 1352 1804 deliquissent

89 1807 94 1816 ’
148 1803 201 1870 κοιλ
215 1801 414 1886 πρεσβύτιδας
430 1812 575 1887 γυναῖκας
586 1801 644 1884 ὀψὲ
658 1802 946 1888 μεταμανθάνοντας
957 1805 1014 1888 τήν
1026 1807 1210 1891 ἐλευθερίαν,
1231 1809 1352 1872 κλαῖον·

147 1915 211 1967 τας,
234 1884 419 1966 λκετεύοντας
442 1889 540 1971 ripole,
561 1885 770 1974 ὀργιζομένους
790 1886 828 1955 orl
844 1899 908 1966 τοῖς
926 1893 1170 1974 τιμωρουμένοις,
1192 1887 1269 1956 ittet
1288 1897 1352 1966 τοῖς

147 1972 263 2048 τούτων
279 1975 394 2050 αἰτίοις.
416 1997 545 2056 quorum
560 1978 852 2058 interpretationem,
875 1997 1044 2058 quanquam
1062 2001 1126 2040 eam
1145 1980 1313 2040 orationem
1332 1999 1351 2037 e

147 2083 196 2124 rue
215 2065 246 2122 in
263 2063 401 2122 Latinum
416 2083 583 2124 sermonem
604 2083 779 2123 conversam
800 2083 896 2144 prope
918 2064 1002 2123 diem*
1017 2086 1082 2124 sum
1102 2063 1256 2138 editurus,
1279 2063 1351 2122 sab-

147 2147 277 2227 scribatp
297 2157 412 2224 tamen,
438 2146 550 2208 Verum
570 2145 808 2231 quandoquidem
827 2147 1134 2232 corporibuspraesto
1155 2175 1214 2212 non
1234 2149 1349 2236 fuistis,

146 2231 251 2296 saltem
266 2235 375 2294 animis
391 2229 490 2312 adeste
503 2248 529 2292 et
545 2232 775 2314 cogitationibus
789 2237 891 2294 uestris
904 2231 1091 2296 calamitates
1103 2257 1201 2298 eorum
1220 2241 1350 2296 a'ontem-

146 2317 283 2404 plamini.
334 2317 450 2399 Fingite
473 2334 525 2378 aas
544 2316 642 2378 uidere
660 2315 762 2378 urbem
786 2320 871 2400 oapi,
897 2341 997 2380 muros
1016 2318 1131 2404 suffirtli
1151 2343 1189 2381 eo
1209 2317 1350 2404 fisnditus

116 2441 121 2458 .
147 2402 252 2480 e'uerti,
275 2399 379 2474 domos
401 2399 535 2480 incendi,
557 2401 691 2463 mulieres
711 2417 738 2462 et
756 2426 861 2485 pueros
878 2403 910 2464 in
932 2407 1096 2465 servitutem
1120 2403 1249 2482 abduci,
1272 2421 1349 2465 senes

148 2503 176 2550 et
198 2511 274 2550 anus
300 2485 463 2548 libertatem
485 2511 549 2550 sero
573 2485 778 2562 dediscenteis,
810 2485 991 2570 ploranteis,
1017 2489 1101 2550 vadis
1128 2489 1347 2572 supplicanteis,

147 2575 318 2636 irascenteis
336 2595 395 2633 nors
416 2575 470 2650 iis,
492 2575 622 2656 quitum
636 2570 779 2634 oradeleis
793 2571 831 2632 ab
853 2575 924 2654 ipsis
937 2597 1048 2655 poenas
1067 2578 1279 2657 expetiverunt,
1298 2567 1349 2634 sed

147 2661 213 2734 iis„
224 2681 348 2741 quorum
366 2679 454 2739 opera
470 2673 497 2717 et
512 2655 602 2739 eulpa
621 2659 651 2718 in
667 2655 723 2716 έναι
739 2659 873 2719 miserias
887 2657 1061 2722 inciderunt.
1106 2661 1173 2720 Non
1187 2659 1348 2720 admodum

132 2785 136 2788 -
148 2743 292 2806 dissimile
307 2753 350 2802 est
364 2741 444 2802 illud
461 2763 498 2802 ex
511 2743 672 2803 Cornificio
684 2743 736 2802 lib.
750 2749 780 2809 4.
803 2742 957 2808 Rhetoric.
971 2745 1009 2804 sd
1025 2745 1216 2821 Herennium,
1233 2741 1347 2826 [8,12·]

152 2827 181 2886 0
196 2827 280 2912 feros
300 2829 433 2888 animos!
455 2849 473 2889 ο
493 2825 637 2890 erudeleis
660 2829 868 2908 cogitationes!
891 2825 919 2890 0
939 2827 1093 2891 derelictos
1113 2829 1151 2890 ab
1167 2829 1348 2890 humanitate

148 2912 298 2976 domines!
318 2913 371 2994 qui
386 2935 470 2993 agere
482 2916 549 2974 ausi
562 2927 629 2974 sunt
643 2927 696 2972 out
713 2915 766 2996 qui
781 2915 911 2995 cogitare
921 2929 1094 2995 potuerunt,
1115 2937 1173 2999 quo
1184 2931 1277 2997 paeto
1292 2913 1348 2974 Ιιο-

149 3014 221 3074 stes,
244 2995 365 3057 revulsis
380 2999 524 3058 maiorum
537 2995 687 3080 sepulcris,
711 2995 828 3058 detectis
845 2997 1007 3074 moenibus,
1030 3015 1148 3060 ouantes
1164 3003 1304 3060 irruerent
1316 2999 1347 3058 in

151 3083 325 3146 ciuitatem?
338 3079 485 3164 quomodo
500 3079 583 3143 deum
599 3081 714 3162 templis
726 3079 869 3163 sppliatis,
893 3083 1083 3164 optimatibus
1097 3083 1264 3160 trucidatis,
1280 3081 1348 3144 aliis

150 3168 279 3248 adreptis
296 3169 328 3227 irs
353 3169 532 3242 seruitutem,
553 3166 732 3250 virginibus,
753 3167 896 3227 matribus
906 3167 1069 3253 familias,
1098 3171 1231 3250 ingenuis
1250 3167 1348 3250 pueris

149 3250 343 3314 sudlsostilem
350 3249 501 3312 libidinem
509 3253 654 3329 subiectis,
661 3250 731 3311 urbs
744 3250 931 3312 acerbissima
941 3252 1080 3314 concidat
1091 3253 1227 3315 incendia
1236 3253 1347 3330 confla·

99 3385 102 3398 .
147 3353 248 3422 grato.
257 3338 368 3398 etillud
382 3339 510 3399 alterurn
521 3360 558 3399 ex
567 3339 671 3398 eodem
685 3338 736 3397 lrb.
745 3338 833 3412 infra,
843 3337 977 3417 [39,5t.]
987 3337 1065 3398 Nom
1076 3341 1215 3400 neminem
1224 3353 1346 3398 oestrum

137 3423 244 3510 fagit,
270 3421 414 3503 Quirites,
438 3439 528 3505 capta
543 3423 614 3485 arde
651 3447 704 3482 aaa
716 3425 849 3495 miseriae
863 3425 1001 3506 consequi
1013 3421 1136 3485 soleant.
1179 3425 1281 3485 Arma
1297 3419 1347 3504 qui

149 3523 255 3569 contra
281 3507 426 3586 tuleraqt,
447 3511 547 3569 statim
572 3449 771 3570 crudelissime
792 3505 994 3587 trucidantur,
1026 3509 1128 3584 ceteri,
1156 3510 1209 3592 qui
1225 3517 1346 3590 possunt

146 3615 200 3676 per
220 3609 345 3652 aetatem
367 3609 393 3652 et
415 3595 501 3652 vireis
522 3591 649 3655 laborem
662 3593 762 3677 ferre,
786 3595 941 3673 rapiuntur
961 3595 992 3652 irs
1011 3595 1192 3669 servitutem,
1215 3595 1268 3676 qui
1288 3611 1344 3650 non

146 3693 279 3760 possunt,
301 3682 362 3738 uita
373 3680 538 3760 privantur.
560 3701 618 3740 uno
636 3677 760 3760 denique
774 3693 861 3758 atque
873 3675 972 3737 eodem
987 3693 1114 3759 tempore
1128 3677 1231 3738 domus
1245 3667 1345 3735 hostili

145 3765 279 3908 'illl
293 3761 450 3908 {lilla
470 3778 714 3908 ‘ili⁰ir.''⁰i“'“
732 3760 945 3927 ttilltllt.
959 3759 1344 3928 iiiiii-iiiiiii‘ii‘

124 3873 127 3880 ’
362 3875 379 3908 ιι
460 3895 467 3924 ,
513 3874 537 3909 ss
551 3877 566 3908 r
608 3874 644 3908 un
660 3871 711 3908 ur:
1322 3873 1343 3888 ·

148 3935 311 4013 ripiuntur,
332 3935 441 4014 partim
457 3937 489 3994 in
508 3936 574 3994 sinu
590 3926 777 4017 iugulantur,
797 3933 906 4013 partim
928 3931 1093 4012 antepedes
1112 3943 1342 4012 constuprantur.

147 4017 259 4092 Nemo,
282 4016 410 4092 iudices,
432 4033 489 4092 est,
514 4009 570 4102 qui
587 4021 681 4098 possit
697 4019 770 4077 satis
789 4039 847 4075 rem
870 4019 1008 4098 consequi
1028 4015 1141 4094 verbis,
1164 4039 1217 4078 nea
1241 4013 1344 4097 referre

149 4107 282 4162 oratione
300 4101 528 4186 magnitudinem
543 4103 735 4164 calamitatis.
778 4102 890 4162 Eodem
906 4105 1057 4181 pertinent
1072 4123 1123 4176 ea,
1146 4121 1224 4181 quae
1240 4101 1345 4160 Caesar

149 4190 232 4268 apud
254 4190 325 4248 Sall.
349 4190 391 4248 ait
409 4189 531 4266 essepb
547 4190 600 4264 iis,
624 4190 675 4269 qui
699 4195 767 4247 arrte
790 4205 821 4245 se
843 4187 1004 4246 sententias
1027 4188 1184 4260 dixerant,
1215 4185 1252 4248 de
1276 4179 1345 4244 belli

120 4267 123 4275 ’
150 4275 275 4332 saevitis
292 4277 444 4353 disputata
458 4273 505 4332 lris
520 4275 629 4350 verbis,
646 4268 709 4348 [51’,
726 4277 767 4346 9.]
788 4269 924 4354 Plerique
937 4293 1054 4346 eorum,
1077 4274 1130 4354 qui
1143 4286 1213 4330 ante
1226 4295 1273 4330 me
1284 4291 1345 4330 sen·

150 4361 255 4418 tentiae
273 4355 422 4428 dixerunt,
431 4361 590 4439 composite
603 4381 640 4420 aa
655 4357 812 4440 magnifice
826 4377 926 4416 casum
944 4358 1011 4437 reip.
1028 4359 1160 4416 miserati
1173 4373 1258 4415 sunt:
1274 4373 1346 4438 quae

71 4427 83 4438 ⁸
151 4438 222 4502 delli
240 4445 363 4504 saeuitia
382 4459 465 4518 esset,
488 4465 562 4525 quae
585 4445 671 4504 uictis
686 4439 869 4514 acciderent,
894 4463 1105 4502 enumeravere:
1129 4443 1195 4520 rapi
1212 4443 1344 4521 uirgines,

148 4547 275 4606 pueros-r
295 4524 398 4588 divelli
415 4525 522 4590 liberos
542 4549 562 4588 σ
580 4527 928 4616 τοτομλεπιιιμανειιιιικιε
949 4523 1258 4612 matresfamiliarum
1272 4525 1344 4608 pati,
1383 4577 1388 4586 .
