2908 5056
179 357 181 362 ,
218 261 304 338 mu
326 273 379 366 ru.
416 231 486 344 ou,
508 226 574 336 xii.
608 293 641 338 v.
663 278 791 340 4-10.
827 237 999 358 anxur.
1032 294 1062 334 v.
1087 274 1189 342 1-‘-s.
1218 254 1293 347 'ser
1400 362 1406 372 ,

178 452 208 514 8.
229 449 353 519 9.,ηο
381 465 564 514 arsurum
591 443 852 524 ruorrnrrrr]
882 429 1116 526 perliquidum.
1135 448 1165 504 et
1182 443 1294 526 purum

87 549 243 612 campum,
264 546 326 590 non
341 524 639 612 silvis‘interseptum
654 541 706 589 aut
721 530 879 590 arboribus
895 531 1051 592 consitum.
1073 525 1118 590 sic
1131 539 1229 590 autem
1244 530 1295 592 hic

88 619 265 680 dictumest
280 640 332 698 per
345 629 487 697 apertum,
509 626 545 676 ut
560 615 618 702 Qd.
630 636 743 679 xxxiv.
756 616 809 680 lib.
827 623 856 682 1.
875 615 967 697 [v.7.]
986 638 1043 698 per
1053 635 1177 698 parum:
1193 637 1296 696 quam.

89 723 187 783 quam
206 701 249 762 ibi
269 702 511 779 subintelligatur
528 698 652 762 caelum.
690 741 692 761 r
1273 757 1275 766 ,

179 793 230 854 10.
261 787 346 848 Cer..
376 807 504 847 onero
534 807 620 848 ner.
648 806 702 847 rs.
731 783 879 864 uxorr.]
915 785 994 862 celer
1015 785 1053 845 ad
1076 785 1296 866 excipiendum.
1338 849 1342 859 A

88 873 237 952 excipere
254 870 306 931 hio
323 869 448 953 proprie
467 871 605 951 positum.
647 874 723 932 Nam
735 871 796 930 lroc
811 872 939 932 verbum
952 882 1132 936 venatorum
1150 881 1196 932 est
1217 893 1299 964 pro-

88 960 205 1040 prium.
224 955 370 1039 ’δέχεσθαι
385 959 492 1018 dicunt
511 956 628 1020 Graeci.
651 958 772 1020 Homer.
792 957 828 1019 tt.
849 951 884 1018 δ’.
907 956 947 1036 [ν.
966 957 1048 1037 toa]
1072 956 1247 1037 δεδεγμένος
1266 955 1300 1020 ἐν
1323 1001 1328 1028 .

89 1046 274 1128 προδοκῇσι.
293 1044 377 1124 Virg.
394 1044 426 1103 in
441 1043 626 1113 Palaemone,
645 1041 853 1124 [Ecl.rrr‚17.]
875 1041 945 1100 Noa
955 1064 1012 1122 ego
1027 1057 1055 1100 te
1069 1039 1131 1102 vicli
1144 1041 1300 1124 Damonis¹

88 1131 226 1212 pessime,
248 1149 367 1210 cuprum
382 1127 530 1208 Excipere
541 1124 684 1190 insidiis?
697 1112 787 1190 ¹Idem
806 1128 858 1188 lib.
875 1131 904 1192 6·
922 1125 963 1204 [V.
980 1125 1064 1205 173.]
1088 1127 1162 1190 Aen.
1175 1127 1301 1194 *Aemu-

91 1211 144 1274 lus
159 1209 437 1295 exceptum'Tr‘iton
459 1211 498 1294 (si
515 1211 630 1273 credere
644 1211 764 1294 dignum
781 1213 836 1290 est)
857 1209 937 1270 luter
956 1215 1037 1271 suoru
1051 1211 1145 1270 uirum
1161 1229 1301 1292 spumoso
1327 1230 1337 1252 ··

90 1299 275 1366 immerserat
290 1295 380 1358 undu.
398 1299 578 1358 translatum
591 1297 667 1366 illud
683 1297 835 1358 Ciceronis
850 1317 907 1376 pro
919 1297 1029 1356 Roscio
1038 1297 1135 1356 Amer.
1144 1301 1206 1370 lii,
1217 1297 1299 1372 idi-l

90 1381 245 1450 Nimirum
265 1381 401 1444 similiter
414 1381 598 1442 arbitrantur
614 1386 666 1462 isti
683 1382 823 1444 bonorum
840 1397 977 1456 emtores,
999 1403 1050 1442 vos
1063 1380 1112 1442 iric
1124 1379 1210 1442 taleis
1222 1383 1302 1443 uiros

91 1466 201 1544 sedere,
214 1470 267 1550 qui
281 1470 441 1550 excipiatis
457 1489 515 1544 eos,
532 1469 584 1550 qui
597 1489 612 1526 e
626 1469 688 1528 suis
703 1467 838 1528 manibus
848 1465 1016 1550 effugerint.
1038 1469 1063 1526 T
1066 1467 1111 1526 ule
1127 1465 1205 1526 illud
1221 1469 1302 1531 eius-

96 1552 186 1626 dem,
207 1545 293 1615 catss.
311 1560 340 1619 8.
357 1557 398 1630 [4,
412 1547 453 1626 8.]
473 1565 591 1632 praesto
614 1567 685 1612 esset
694 1548 766 1628 ille,
789 1555 842 1635 qui
855 1565 882 1610 et
892 1549 1057 1636 fugienteis
1072 1553 1218 1633 exciperet
1231 1566 1257 1610 et
1273 1574 1304 1611 oe
1427 1599 1430 1609 ,

92 1660 162 1698 oum
187 1635 233 1698 lis
254 1636 377 1698 urbanis
400 1635 524 1697 ducibus
547 1637 741 1718 corsiungeret.
764 1639 868 1697 Horat.
892 1637 977 1714 epist.
998 1643 1026 1700 t.
1052 1637 1110 1696 lib..
1126 1646 1155 1701 tr
1181 1636 1221 1714 [v.
1238 1638 1301 1714 79,]
1337 1687 1340 1692 .

90 1719 317 1805 Excipiamque
329 1746 418 1798 senes,
439 1744 512 1804 quos
525 1723 557 1780 in
569 1723 685 1800 vivario
698 1724 826 1784 mittant.
850 1722 958 1779 Cursor
970 1721 1022 1780 lib.
1038 1727 1067 1786 6.
1082 1721 1127 1800 [n
1144 1723 1181 1781 G.
1198 1743 1226 1782 c.
1236 1719 1302 1802 28]

91 1807 134 1866 de
148 1811 231 1882 uris,
252 1806 304 1867 sed
318 1829 479 1868 assuescere
492 1803 533 1866 ud
546 1804 715 1866 inmineret
729 1805 912 1889 mansuefieri
923 1829 958 1865 rte
969 1804 1095 1885 *purvuli
1108 1804 1224 1889 quidem
1239 1829 1303 1868 ex-

93 1894 173 1970 cepti
186 1907 319 1972 puerunt.
341 1907 424 1955 arcto
441 1901 539 1950 autem
559 1900 656 1966 certe,
677 1912 715 1950 ne
731 1893 867 1968 mentiar,
888 1891 1000 1970 partim
1015 1906 1098 1951 arcto
1112 1893 1221 1969 partim
1235 1905 1317 1950 ortot
1378 1947 1381 1962 ,
1409 1880 1413 1896 “

95 1975 245 2056 scriptum
265 1977 434 2058 reperimus
451 1977 485 2036 iu
499 1975 566 2036 cod.
585 1977 668 2035 laun.
682 1975 767 2036 saer.
790 1976 886 2038 tribus
907 1975 1002 2036 Vetic.
1024 1976 1132 2040 ceteris
1153 1976 1302 2052 omnibus,

96 2082 175 2142 quos
194 2063 289 2122 secuti
309 2082 420 2122 sumus.
443 2082 511 2122 nam
535 2063 617 2143 vulg.
636 2059 750 2121 hubent
771 2061 850 2138 olto,
872 2061 953 2140 quod
970 2069 1079 2142 ‘tamen
1099 2082 1160 2122 uon
1181 2063 1302 2122 damno.

95 2147 221 2208 videtur
243 2151 320 2244 enirp
344 2147 512 2227 exprimere
534 2146 613 2205 illud
630 2146 840 2222 Homericum,
863 2147 994 2227 βαθείην
1014 2141 1151 2226 ξύλοχον.
1171 2147 1218 2206 sic
1234 2147 1303 2206 Ηο-
1425 2145 1432 2159 “

95 2252 173 2292 mer.
193 2227 448 2316 rll..’l.‘.s[v.4t5.]
468 2231 506 2290 de
531 2252 621 2310 apro,
644 2229 663 2293 d
684 2230 717 2320 di
738 2226 768 2296 οἵ
791 2227 848 2296 sios
868 2232 998 2310 βαθείης
1022 2229 1055 2294 ἐν
1075 2226 1231 2316 ξυλόχοιοὲ
1250 2232 1303 2292 ille
1334 2241 1337 2251 “
1431 2323 1434 2336 μ

97 2326 198 2376 autem
214 2317 277 2378 exit
289 2337 327 2379 ex
343 2317 406 2376 alto
422 2315 566 2377 fruticeto
581 2336 635 2376 seu
648 2316 718 2384 loco
735 2316 861 2376 dumoso
878 2324 910 2378 et
928 2315 1098 2376 arbusculis
1113 2315 1217 2378 denso.
1265 2340 1266 2344 ¹
1289 2369 1294 2404 ι

153 2561 230 2648 AD.
256 2564 500 2644 sorren
525 2514 930 2676 errnno'srun.
982 2501 1101 2638 ons
1126 2561 1252 2655 x1131.
1288 2520 1292 2552 '

459 2754 633 2810 Commendat
658 2755 718 2808 eius
741 2753 943 2806 amoenitatem.
1065 2809 1068 2816 Δ
1133 2740 1139 2764 “

188 2912 217 2973 1.
240 2907 266 2968 Ο
287 2930 379 2970 rous
400 2914 667 2992 serranorum]
689 2908 852 2968 Blandusia
870 2917 916 2969 est
936 2908 967 2968 in
984 2908 1110 2970 Sabinis.
1127 2909 1248 2989 quidum
1270 2909 1307 2970 li·
1436 2935 1437 2944 ¹

99 2991 153 3136 Bri·
165 2991 279 3054 habent
292 3005 322 3056 et
335 2994 386 3056 hic
407 2992 517 3077 Ofens
530 2991 703 3056 Bandusiae
719 3005 750 3056 et
766 2995 800 3053 in
814 2989 1010 3074 iuscriptioire
1024 2991 1083 3054 Ad
1087 2993 1211 3082 fontem
1221 2993 1311 3056 Borr-
1436 3057 1437 3078 χ

125 3101 229 3140 ustum.
725 3128 728 3134 .

189 3167 217 3230 1.
239 3185 509 3226 srrrrnurnron
529 3161 669 3246 virro]
693 3163 815 3242 purior,
836 3152 984 3243 liquidiir
1003 3165 1052 3224 vel
1075 3161 1309 3246 διαφανέστερος

102 3247 154 3311 stul
175 3249 397 3332 ὅιαογέοτερος,
425 3251 457 3310 id
479 3260 539 3326 est,
569 3249 765 3333 perlucidior.
787 3269 881 3330 supra
899 3250 956 3310 Od.
972 3270 1063 3310 xvnr.
1089 3249 1142 3310 lib.
1163 3255 1190 3317 1.
1215 3248 1307 3331 [lim]

103 3331 389 3414 Fidesperlucidior
408 3337 494 3394 vitro.
924 3409 926 3414 Ι
1365 3411 1368 3420 Ι

189 3425 219 3484 2.
240 3421 362 3480 Duuor
383 3439 499 3479 orons
520 3418 644 3499 muno]
667 3419 797 3480 diximus
815 3417 855 3478 ad
869 3419 925 3478 Od.
939 3441 960 3480 1.
979 3419 1031 3479 lib.
1048 3425 1079 3486 1.
1101 3427 1217 3480 veteres
1242 3419 1309 3480 exi-

105 3505 237 3566 stimasse
257 3506 289 3564 in
311 3505 450 3566 omnibus
464 3497 575 3584 aquis,
597 3506 748 3582 sontibus,
769 3506 889 3580 fluviis,
913 3505 1026 3585 aliquid
1051 3505 1182 3564 numinis
1201 3505 1306 3568 inesse.

105 3592 217 3651 iccirco
229 3591 317 3652 etiem
337 3591 470 3650 sontibus
484 3589 694 3652 sacrificabunt
708 3600 860 3670 tamquam
877 3591 954 3666 Diis,
976 3590 1057 3670 quod
1077 3590 1128 3648 hic.
1149 3611 1181 3650 se
1200 3590 1309 3650 sactu·-

104 3697 172 3738 rum
188 3675 320 3736 ostendit
334 3676 487 3736 Horatius.
521 3677 583 3736 lem
597 3676 631 3736 in
645 3676 738 3736 sacris
753 3685 871 3756 praeter
889 3675 1201 3757 cetersladhibebatur
1218 3685 1247 3736 et
1262 3676 1309 3736 vi-

105 3782 186 3828 num.
227 3761 470 3834 Quidamtamen
481 3763 678 3822 hunolocum
697 3762 783 3822 aliter
800 3762 962 3842 explicant.
999 3763 1111 3822 Putant
1125 3763 1203 3822 enim
1219 3761 1309 3841 sigui·
1394 3787 1399 3796 ·

105 3849 196 3910 ficara
210 3845 386 3926 Horatium,
408 3847 458 3906 vel
480 3868 585 3928 aquom
602 3847 782 3908 Blandusiae
799 3847 891 3906 sontis
908 3847 1027 3926 dignam
1046 3869 1129 3924 esse,
1152 3867 1227 3926 quae
1242 3867 1312 3906 cum

105 3933 177 3993 vino
193 3927 370 4010 misceatur,
396 3931 447 3992 vel
460 3934 572 3993 iontem
585 3932 766 3994 Blandusiae
789 3933 910 4010 dignum
930 3953 1012 4008 esse,
1036 3933 1213 4014 quirinum
1236 3933 1313 3992 iuu-

107 4019 157 4078 dat
185 4038 245 4106 pro
270 4023 357 4097 siqua,
377 4027 413 4076 ut
434 4019 516 4099 opud
537 4019 625 4080 Ovio.
648 4019 703 4080 lib.
719 4025 747 4084 1.
769 4017 889 4079 Metam.
915 4017 1057 4098 [v..111.]
1088 4015 1228 4076 Flumina
1249 4021 1313 4078 ium

106 4103 211 4177 lactis,
234 4103 294 4162 iam
309 4104 441 4186 flumina
458 4105 586 4164 nectaris
606 4101 702 4170 ibunt
724 4103 774 4162 vel
792 4123 898 4182 aquam
915 4117 953 4162 ex
968 4102 1029 4162 hoc
1043 4105 1127 4162 sonte
1144 4114 1312 4166 manentem

107 4187 251 4265 tantidem
268 4209 331 4248 esse
346 4189 450 4266 quenti
465 4189 567 4248 vinum
583 4198 614 4250 et
628 4188 714 4268 quusi
728 4183 870 4262 οἷντᾶξιον
886 4183 965 4252 εἶναι
981 4189 1083 4252 οἴνους
1106 4187 1203 4266 pretio
1219 4197 1249 4248 et
1263 4188 1312 4250 di-

108 4276 219 4349 gnitate
231 4273 303 4332 vino
318 4293 421 4352 parem
436 4293 510 4352 esse,
524 4273 584 4335 lroc
604 4283 661 4351 est,
680 4293 747 4334 esse
760 4273 994 4340 saluberrimum.
1036 4275 1098 4353 Ego
1119 4282 1218 4333 autem
1238 4273 1314 4334 nihil

43 4365 50 4372 '
108 4361 232 4419 istorum
249 4359 357 4439 probo.
560 4400 563 4414 .
626 4397 630 4402 -
655 4377 658 4388 ’
896 4393 923 4450 4

192 4450 222 4509 2.
245 4465 318 4504 nor
340 4464 425 4504 sius
447 4467 491 4506 rr,
501 4445 653 4525 orions]
677 4446 725 4508 vel
741 4443 778 4503 ad
791 4465 905 4507 morsm
920 4452 1055 4514 veterrun
1067 4445 1161 4520 refer,
1174 4465 1234 4523 quo
1248 4445 1315 4514 son-

110 4531 164 4598 teis
179 4529 304 4611 {loribus
316 4529 536 4612 inspergebaut.
565 4532 647 4620 Virg.
660 4528 911 4610 Daphnide‚[Ecl.
923 4551 956 4609 x,
969 4533 1010 4597 40
1025 4535 1082 4614 sq]
1112 4527 1250 4613 Spargite
1262 4529 1315 4592 Ινν-
