2874 5050
170 295 235 360 882
449 291 479 360 ᾗ
549 271 1054 356 ΗΟἎΔΤΙΙΕΔΒΜΙΝΔ.’
1119 269 1126 276 ’

171 465 388 524 incrementum
406 427 625 539 significat.¹et
639 479 676 519 eo
695 477 752 539 pro
766 457 888 536 ingenio
904 457 1014 538 puerili
1034 469 1217 540 usurpatur,
1242 461 1397 540 qnoniam

72 561 76 586 ¹
171 569 230 610 uns
245 569 315 608 oum
329 567 457 626 corpore
472 567 510 608 ex
525 545 671 607 sententia
688 541 942 626 pbilosophorum
954 565 1038 606 mena
1052 545 1161 608 crescit
1175 556 1207 608 et
1222 545 1395 608 demessis.

255 641 308 701 28.
332 634 358 694 N
367 631 535 716 enonns]
558 630 712 692 Tiberium
730 641 760 690 et
780 631 919 689 tirusum.
1038 704 1040 712 Ι
1223 693 1229 700 ,

255 725 305 785 29.
330 719 483 776 Farrns
510 736 710 776 aneanrun
732 713 955 796 nonninus]
977 714 1077 796 primo
1093 713 1163 774 loco
1181 714 1275 795 ponit
1298 724 1396 774 natu-

170 822 234 865 rsm
249 815 278 864 et
293 823 402 884 gennas
425 803 535 862 deindo
549 802 719 862 doctrinam
735 809 764 860 et
778 799 996 861 educationem.
1018 801 1063 860 aie
1081 801 1166 861 Plato
1186 801 1218 860 in
1246 801 1395 860 oratioue
1422 776 1423 820 ¹

162 889 306 964 danabri,
328 887 455 968 [Manes.
472 909 501 968 p.
515 886 642 967 287.Α.]
666 879 780 968 ἆγαθοὶ
803 878 836 948 d’
860 883 996 968 ἐγένοντο
1018 881 1069 948 diei
1087 881 1121 949 τὸ
1136 890 1235 965 φῦναι
1256 886 1292 962 ἐξ
1312 881 1396 968 sr’ya·

169 981 247 1038 bain.
268 973 325 1056 τὴν
341 967 495 1056 εὐγένειαν
518 965 576 1037 ade
599 976 719 1054 aprinos
735 969 980 1052 ἐγκωμιάςωμεν·
1002 965 1144 1052 δεύτερον
1159 969 1193 1032 δὲ
1206 966 1337 1054 τροφήν
1361 993 1397 1034 τε

75 1108 80 1126 .
169 1061 225 1126 sai
235 1059 385 1124 παιδείαν.
407 1059 440 1118 id
456 1067 520 1134 est,
544 1059 613 1118 boni
630 1065 728 1116 autern
746 1055 879 1130 fuerunt,
901 1057 971 1136 quis
990 1075 1028 1115 ex
1044 1057 1131 1116 bonis
1147 1058 1211 1116 nati
1224 1067 1323 1118 sunt:
1341 1075 1395 1136 gc·

169 1147 251 1208 neris
267 1146 359 1224 igitur
373 1145 584 1225 praestantiam
601 1145 730 1224 prinium
744 1141 913 1220 laudemus,
934 1141 1042 1202 deinde
1057 1142 1270 1202 educationem
1284 1153 1320 1204 et
1336 1145 1396 1201 do·
1423 1124 1424 1186 i

174 1233 310 1294 ctrinam.
327 1231 371 1290 sio
385 1231 562 1290 Aristoteles
581 1229 775 1310 politicorum
796 1227 886 1287 tertio
904 1227 1009 1288 scribit
1020 1245 1084 1286 asse
1098 1229 1277 1310 probabile,
1301 1229 1395 1288 viros
1423 1229 1424 1274 Ὗ

172 1317 408 1400 praestantiores
424 1335 564 1390 essaeos,
586 1315 637 1394 qui
653 1335 668 1373 e
685 1311 953 1394 praestantioribus
968 1313 1029 1372 nati
1041 1313 1116 1373 sint:
1142 1313 1290 1374 nobilitas
1307 1313 1396 1374 enim

173 1403 290 1481 generis
308 1401 488 1482 praestantis
504 1409 534 1460 et
547 1399 693 1481 perfectio
707 1407 760 1461 eat.
780 1399 872 1458 verba
890 1398 1014 1458 dristot.
1035 1396 1110 1458 baso
1128 1407 1216 1476 sunt,
1239 1396 1316 1479 ἠδ’
1341 1395 1394 1462 eri·

154 1547 158 1562 χ
173 1489 273 1572 γένεια
295 1479 374 1562 παρ’
396 1483 532 1562 ἑκάστοις
550 1485 629 1548 οἴκοι
647 1487 754 1564 τίμιος.
772 1481 814 1548 ἔτι
834 1477 909 1546 διότι
929 1484 1064 1566 βελτίους
1079 1481 1160 1558 εἰκός
1174 1481 1247 1558 τούς
1265 1485 1299 1548 ba
1317 1485 1396 1565 βελ-

172 1567 292 1636 radron.
316 1567 450 1656 εὐγένεια
464 1567 521 1652 γάρ
539 1571 618 1633 ioris
634 1565 725 1650 riparii
747 1567 864 1650 γένους.
908 1569 1063 1644 Quantum
1084 1571 1205 1630 valeant
1227 1571 1269 1630 sd
1291 1572 1394 1649 inge-

174 1661 256 1726 nium
281 1657 341 1718 hoo
364 1658 417 1716 tel⁴
435 1657 490 1716 illo
513 1655 618 1716 habitu
642 1653 837 1714 imbuendum
860 1673 1019 1734 moresque
1040 1655 1274 1714 conformandos
1293 1667 1394 1735 atque

65 1799 71 1824 ,
174 1745 262 1806 stiam
278 1742 450 1804 inserendos
466 1741 556 1822 stirps
572 1743 687 1818 generis
705 1749 735 1800 et
749 1738 899 1815 educatio,
917 1741 1071 1800 declarant
1085 1749 1202 1820 poetae,
1220 1742 1278 1821 qni
1293 1759 1393 1821 quem

174 1829 340 1908 significare
358 1829 465 1888 volunt
485 1842 591 1902 ssero,
613 1825 735 1900 immiti,
756 1824 920 1884 inhumano
943 1845 1006 1886 esse
1025 1826 1160 1904 ingenio,
1184 1845 1254 1887 eam
1279 1828 1392 1888 dicere

42 1941 46 1964 ι
173 1917 272 1976 soient
286 1937 302 1976 a
315 1915 395 1974 saxis
412 1933 447 1972 ac
460 1913 595 1994 rupibus,
612 1911 716 1971 amari
732 1921 843 1984 natum,
866 1933 881 1969 a
899 1913 1036 1970 leonibus
1053 1912 1223 1988 educatum,
1238 1923 1278 1973 ut
1293 1913 1390 1973 Hom.

174 2002 212 2065 lt.
226 1996 266 2063 η’.
285 2001 324 2081 [ν.
342 2004 383 2066 34
397 1998 454 2078 sq.]
477 1991 593 2080 ytatius)
608 1989 961 2070 atrinnandans,
985 1997 1098 2080 Hirpos
1113 1991 1143 2058 τ’
1162 1993 1320 2080 diapasoa,
1341 1995 1391 2062 ὅτι

172 2109 221 2160 τρι
238 2081 307 2159 νόος
325 2085 405 2148 ἔστιν
422 2079 552 2164 ἀπηνής.
570 2083 672 2158 idest,
694 2081 865 2142 caeruleum
882 2091 981 2142 autern
994 2093 1024 2142 te
1039 2103 1120 2142 rnsre
1134 2085 1258 2164 peperit
1274 2105 1391 2165 rupes-
1425 2113 1426 2128 a

174 2191 234 2252 que
247 2179 447 2252 praeruptae,
471 2169 611 2248 quoniam
626 2167 680 2226 tibi
697 2187 779 2227 meus
795 2177 839 2226 est
852 2166 975 2226 infrenis
991 2177 1081 2248 atque
1094 2167 1251 2234 indomita.
1278 2171 1390 2232 'Ibeo-
1410 2171 1427 2304 p

174 2259 241 2320 orit.
258 2257 312 2320 att.
325 2251 363 2338 γ’.
382 2252 429 2336 [v.
447 2259 484 2318 t5
500 2253 560 2334 aq.]
592 2257 662 2316 Nais
681 2248 843 2344 i'yvosvffdr
856 2251 967 2334 ipone·
991 2249 1088 2336 βαρΰς
1104 2251 1189 2328 θεός.
1203 2249 1227 2336 ἦ
1243 2257 1287 2336 (ia
1302 2259 1389 2320 isat-
1426 2311 1427 2316 ,

174 2366 231 2416 νας
246 2336 377 2404 Moodbt
402 2334 547 2413 ἐθύλαζε,
570 2339 674 2422 δρυμῷ
690 2338 721 2400 τέ
736 2360 788 2418 μιν
807 2337 912 2420 ἔτρεφε
934 2335 1049 2420 μήτηρ,
1072 2357 1148 2418 quoa
1170 2343 1281 2400 uersus
1300 2343 1385 2421 virg.

174 2427 323 2507 expressit
340 2424 563 2486 Pharmsceutr.
586 2424 664 2504 [Eat.
681 2443 753 2499 vrri,
768 2427 810 2488 43
828 2421 886 2502 οφ]
927 2421 1017 2484 Nune
1033 2427 1114 2500 scio,
1136 2424 1211 2507 qaid
1225 2429 1265 2487 sit
1287 2449 1388 2501 arnor,

175 2510 260 2586 dada
281 2513 313 2571 in
333 2507 449 2572 cotibus
473 2507 557 2568 illarm
577 2505 710 2570 Ismarus
728 2523 779 2566 aut
795 2505 943 2588 Rhodope
961 2523 1014 2568 aut
1035 2511 1161 2569 extremi
1182 2507 1389 2574 Garamantes

174 2597 239 2658 Neo
266 2598 359 2658 nostri
384 2596 497 2676 generis
522 2617 644 2674 pueram
675 2615 729 2654 neo
757 2595 910 2674 sanguinis
939 2591 1038 2652 edunt.
1085 2595 1170 2655 Idem
1199 2599 1331 2658 Aeneid.
1356 2607 1387 2665 4.

85 2734 88 2743 .
175 2683 218 2764 [v.
233 2687 295 2750 363
311 2679 369 2760 sq.]
406 2679 469 2740 Nec
484 2677 540 2738 tibi
554 2677 632 2738 Dina
654 2680 951 2776 parenspenerisneo
967 2676 1131 2740 Dardanus
1152 2697 1275 2758 auctor,
1302 2682 1388 2744 Per-

164 2765 250 2852 flds,
271 2763 323 2826 ssd
340 2763 422 2824 dada
435 2766 536 2844 genuit
550 2777 578 2822 te
597 2761 733 2822 rantibus
752 2761 873 2824 borreaa
890 2761 1049 2824 Garamas.
1089 2767 1197 2828 Catuli.
1213 2769 1252 2826 de
1265 2771 1387 2850 nuptiis
1427 2821 1428 2840 ,

176 2853 266 2929 Pelei,
280 2851 377 2931 [uxrv,
394 2855 453 2916 154
467 2847 548 2928 sqq.]
582 2845 733 2926 Quaenam
750 2861 777 2906 te
786 2849 887 2927 genuit
903 2845 970 2908 sota
985 2847 1123 2931 aab'rupe
1136 2848 1266 2915 karna?
1293 2851 1388 2932 Quod
1426 2909 1428 2920 ,

176 2959 258 2998 mare
273 2949 442 3016 conceptum
458 2931 660 3015 spumantibus
671 2935 791 3014 exspuit
807 2929 922 2993 undis?
953 2932 1036 3014 Quae
1052 2933 1160 3020 Syrtis,
1182 2961 1259 3021 qaae
1273 2937 1387 3021 Scylla
1427 2933 1428 2942 ¹

91 3031 96 3038 '
174 3041 289 3096 votnm,
311 3033 486 3102 quassastis
507 3012 697 3100 Charybdis?

222 3139 227 3150 ·
262 3101 729 3182 Suessetanorum]
750 3099 1104 3186 faroaepierumqusin
1131 3099 1220 3167 lande
1243 3109 1386 3188 ponitur,
1427 3151 1428 3156 κ

176 3203 208 3254 et
222 3192 247 3252 si
264 3190 383 3274 quando
401 3190 432 3248 in
451 3189 538 3264 vitio,
559 3207 619 3248 non
637 3187 800 3264 crudelem,
821 3191 876 3250 sed
896 3191 1006 3250 etatum
1026 3201 1078 3252 aut
1094 3193 1262 3254 animosum
1286 3197 1388 3274 signi-

87 3333 93 3354 ,
172 3279 261 3354 ficet,
284 3287 406 3356 utcsup.
429 3276 489 3338 Od.
508 3294 536 3332 v.
559 3273 613 3334 lib.
630 3280 660 3340 2.
681 3271 723 3352 [v.
741 3279 779 3340 18
797 3277 854 3354 sq.]
875 3272 971 3358 ferox
991 3291 1082 3337 aetas.
1105 3287 1136 3338 et
1155 3279 1233 3338 intra
1258 3279 1324 3340 Od.
1341 3303 1387 3344 rx.

174 3364 266 3424 huius
281 3363 358 3438 iibri,
373 3361 416 3442 [t.
431 3357 541 3440 21⁸4]
555 3357 657 3444 jerom
673 3359 796 3422 Hector.
815 3369 990 3420 annotatum
1006 3363 1046 3420 ad
1061 3363 1119 3422 Od.
1133 3385 1187 3423 xv.
1207 3365 1260 3429 lib.
1279 3371 1313 3432 1.

260 3452 310 3517 83.
334 3443 562 3526 eaossover]
584 3441 736 3526 provebit,
754 3439 890 3528 προάγει.
907 3447 1068 3528 amplificat
1082 3447 1224 3512 virtutem
1239 3461 1387 3514 emtore

174 3537 302 3604 innitent.
658 3594 660 3603 ,
910 3537 915 3546 ’

259 3623 309 3687 34,
331 3619 532 3686 Rnaerua
556 3613 725 3694 nunnus]
745 3611 823 3673 nibil
838 3615 975 3694 equidem
991 3627 1094 3693 muto,
1113 3637 1182 3680 curn
1195 3617 1272 3679 baec
1285 3619 1385 3682 lectio

107 3726 111 3737 ¹
175 3705 215 3766 ab
229 3703 367 3765 omnibus
384 3701 557 3777 codicibus,
579 3719 654 3779 quoa
669 3701 791 3779 quidem
808 3701 953 3780 uiderim,
971 3703 1178 3766 confirmetur:
1201 3705 1254 3765 sed
1273 3709 1385 3787 putari

176 3789 355 3870 aliquando,
387 3785 604 3868 Porphyrionis
631 3785 731 3844 verbis
760 3797 876 3861 motus,
904 3788 1052 3870 scriptum
1084 3810 1148 3850 esse
1174 3791 1211 3850 sb
1238 3791 1384 3866 Horatio,

175 3873 321 3958 Rectique
339 3871 435 3934 cultas
450 3887 571 3952 pectora
586 3867 719 3930 roborat:
742 3879 776 3930 ut
798 3869 893 3932 cultas
915 3873 955 3932 ait
975 3875 1091 3935 numeri
1107 3877 1284 3956 singularia,
1308 3881 1386 3938 recti

176 3971 277 4020 autern
299 3960 388 4039 patrii
410 3977 498 4030 casus
517 3979 534 4015 a
551 3955 669 4015 nomine
685 3964 792 4014 neutro
811 3971 938 4034 rectam,
960 3959 1019 4034 oti,
1043 3961 1126 4039 quod
1147 3971 1194 4022 eat
1215 3959 1250 4026 sd
1271 3959 1383 4044 ὀρθόν.

175 4042 251 4106 Nam
267 4043 327 4103 boo
343 4043 431 4104 inodo
448 4041 580 4125 explicat
593 4039 703 4120 Porpb.
719 4039 776 4100 nisi
792 4041 874 4120 quod
893 4039 989 4103 cultas
1005 4047 1073 4104 vult
1086 4065 1149 4110 esse
1165 4049 1284 4108 numeri
1301 4049 1383 4108 mut·

176 4129 322 4207 titudinis,
343 4129 400 4188 niai
416 4131 493 4188 torte
510 4123 678 4208 Porphyrio
694 4135 856 4208 corruptus
872 4137 926 4186 cst.
962 4129 1025 4188 lam
1040 4149 1148 4192 nornen
1163 4149 1273 4194 rectam
1288 4153 1384 4194 usur-

177 4217 346 4300 patHorat.
362 4225 392 4275 et
408 4215 505 4294 Satyr-
519 4218 548 4278 5·
571 4212 622 4274 tib.
637 4215 667 4276 2·
691 4211 732 4292 [v.
748 4211 835 4292 20t.]
864 4209 991 4274 Rectam
1013 4217 1108 4276 animi
1127 4219 1250 4278 sensas?
1273 4219 1305 4280 id
1326 4229 1383 4296 eat,

176 4299 234 4381 τήν
249 4293 408 4382 ὀρθότητα.
427 4293 626 4375 rectitudinem
640 4297 833 4358 redderemus
851 4299 971 4375 Latine,
998 4301 1022 4358 si
1035 4311 1189 4380 pateretur
1206 4305 1303 4366 Latini
1317 4327 1383 4368 ser.

154 4469 156 4476 Α
178 4387 276 4448 monis
290 4405 374 4446 usus.
399 4381 493 4446 colere
508 4391 623 4444 rectum
643 4392 757 4462 eutem,
779 4382 954 4466 honestam,
975 4385 1136 4470 virtutem,
1158 4391 1335 4452 veritatem:
1353 4403 1383 4455 et

185 4659 187 4670 ,
246 4571 279 4628 V·
296 4573 341 4628 29.
353 4569 479 4645 sortibus
495 4581 522 4628 st
539 4569 626 4625 bons's.
