2874 5050
124 237 192 358 'aee
249 248 251 258 ’
516 281 954 364 uouernoeuurne

130 460 212 538 lein-i,
226 459 269 542 [v.
284 457 348 540 48.]
387 451 525 522 Reddidi
535 471 653 518 cannen
669 452 778 518 docilia
788 453 943 516 neodem·
961 451 1052 515 Velie
1067 449 1191 513 Horati.
1206 459 1241 512 et
1255 453 1353 532 epist.

131 523 258 607 ad'leoll.
270 553 301 613 2.
322 545 376 606 tib.
391 549 422 610 1.
445 541 510 622 [t8,
529 543 593 624 18.]
640 541 680 602 Ut
694 565 816 624 puerum
830 559 917 601 eneuo
937 537 1041 600 credor
1053 535 1170 598 diotutu
1192 541 1354 618 magistro

132 627 277 692 Reddere.
299 631 382 692 idem
400 627 438 688 ed
450 629 573 690 Pieonee
587 627 624 688 de
639 629 710 688 Arte
730 633 813 709 poet.
854 645 881 689 v.
900 623 983 704 teu]
1026 621 1162 683 Reddere
1183 625 1240 704 qui
1257 645 1353 682 voces

132 719 194 778 ium
216 717 271 776 ecit
290 737 371 798 puer.
394 723 434 774 eo
452 715 570 776 Lucret.
591 713 641 776 lib.
659 721 688 778 4.
710 711 751 793 [v.
769 626 857 857 mii
879 707 998 772 reddere
1018 706 1109 772 dioto.
1158 707 1203 766 Et
1226 710 1353 767 sentens

133 797 238 860 codiee
250 799 361 882 (acuero
375 797 426 880 [al.
441 797 562 880 eonoro]
579 796 810 860 retenemus
857 793 965 880 edique
977 815 1046 856 curn
1058 790 1202 873 comunt)
1223 805 1254 852 et
1266 789 1352 852 red-

136 883 205 946 dere
218 883 300 946 dicto
315 897 452 945 lecenter.

218 975 271 1038 85.
292 967 441 1048 areae]
463 965 495 1026 id
510 977 569 1042 eet,
590 967 712 1044 trinea,
734 967 785 1028 vel
803 967 873 1047 quia
890 965 1030 1026 tenebrae
1044 964 1147 1044 nigm
1159 972 1242 1038 eunt,
1264 979 1351 1040 quoe

134 1053 213 1114 vivia
227 1053 341 1116 invitae
358 1065 389 1114 et
403 1053 502 1114 trietee
516 1063 601 1116 aunt:
623 1053 672 1114 vel
686 1053 761 1133 quie'
776 1053 859 1130 nigre
876 1051 975 1111 emenia
988 1071 1043 1132 per
1060 1071 1092 1110 ee
1107 1050 1203 1110 trinta
1218 1058 1251 1107 et
1266 1047 1351 1106 hor-

136 1141 233 1201 ribilia
254 1150 335 1200 eunt.
357 1140 469 1199 centies
490 1139 669 1198 notavimus.
691 1139 833 1198 ueitotuen
862 1147 909 1197 eet
932 1137 1056 1196 lioratio
1076 1135 1134 1194 hoc
1160 1133 1350 1214 epithetum.

134 1247 202 1306 eup.
218 1225 278 1288 Od.
292 1243 358 1286 xtv.
374 1225 424 1286 lib.
440 1231 470 1290 d·
490 1219 535 1302 [v.
557 1221 621 1308 tu]
666 1221 730 1284 Hic
750 1221 812 1286 dier
828 1241 892 1283 uere
912 1221 985 1281 milei
1001 1218 1097 1301 sertem
1118 1234 1202 1280 utrue
1216 1215 1352 1278 Eximet

99 1376 104 1387 ,
136 1332 234 1372 curor.
257 1319 288 1370 et
308 1309 365 1372 ud.
385 1329 405 1372 t.
426 1307 524 1373 eiued.
546 1309 587 1390 [v.
602 1305 668 1390 40.]
712 1303 783 1368 Poet
800 1311 922 1392 equitem
940 1304 1019 1366 redet
1040 1320 1108 1382 otro
1125 1327 1206 1366 euru.
1229 1313 1266 1363 et
1281 1307 1353 1362 Sa-

136 1405 195 1477 lyr·
210 1401 241 1461 7.
264 1395 317 1460 lib.
332 1399 364 1462 2·
381 1393 427 1476 [t.
445 1399 531 1470 116.]
554 1417 622 1456 nom
639 1413 734 1456 comer
747 1407 815 1454 otrn
826 1395 933 1475 premit
953 1391 1138 1499 repetiturque
1146 1388 1309 1476 segnem.

360 1650 440 1740 au
472 1643 815 1723 V1uG1L1uM.
866 1643 984 1720 oue
1009 1607 1109 1718 xit

170 1799 309 1891 hemdit
323 1833 398 1890 rimie
413 1835 575 1898 edomant,
599 1845 657 1886 turn
673 1849 734 1886 erne
749 1833 853 1886 irruitur
869 1833 907 1886 od
923 1831 1018 1905 epulor
1034 1851 1067 1886 en
1084 1826 1260 1898 conditione,
1279 1845 1314 1886 art

281 1989 284 2002 Ι
313 1939 404 1976 recurre
416 1939 470 1994 pro
487 1919 609 1990 aymbolo
631 1922 765 1990 urguenti
780 1921 895 1976 nardini
910 1921 1038 1990 onychen
1055 1919 1164 1996 ‘idm‘-

222 2077 250 2140 t.
273 2074 343 2136 lan
368 2095 482 2138 veura
503 2070 698 2157 coarrree]
720 2073 797 2136 haec
815 2073 881 2137 Ode
897 2073 1031 2136 eiuedem
1045 2074 1110 2136 fere
1124 2081 1169 2132 eet
1183 2091 1349 2152 argumen-

136 2155 175 2238 ti,
198 2151 288 2239 itque
301 2163 440 2245 eeptime.

220 2251 251 2312 2.
272 2245 500 2307 latreuonttr
520 2244 691 2327 ureret]
713 2245 874 2326 impellunt
889 2245 967 2307 vela.
1419 2321 1420 2324 Ἴ

221 2335 250 2396 2
272 2351 421 2392 uernae
440 2331 666 2410 Tnnecrae]
689 2331 721 2390 id
742 2341 804 2408 eet,
826 2329 910 2392 venti
922 2328 1061 2404 Thracii,
1082 2347 1189 2410 nempe
1204 2328 1346 2390 Favonii.
1419 2327 1420 2344 ¹

138 2409 269 2484 Quidem
282 2425 389 2498 putant
403 2417 520 2480 Eteeiae
542 2415 721 2496 eignilrcari,
743 2437 760 2476 o
776 2417 885 2496 quihue
903 2417 995 2476 uelde
1010 2411 1162 2476 dimano.
1184 2437 1254 2474 nam
1270 2417 1348 2475 Ete-

138 2495 198 2559 eiee
213 2510 324 2562 aeetete
337 2501 468 2582 epirente
488 2501 614 2561 Favonii
626 2521 699 2562 vere
714 2503 844 2584 ineunte.
889 2501 979 2576 Quod
995 2509 1093 2560 autem
1110 2499 1272 2578 l'evonioe,
1292 2501 1346 2581 qui

138 2581 283 2646 dicuntur
306 2609 322 2646 e
348 2587 471 2648 Greecie
489 2585 638 2666 Zephyri,
661 2587 746 2647 aiunt
768 2585 889 2668 quidem
912 2609 973 2647 non
997 2605 1061 2646 eeee
1084 2585 1249 2662 Thracica,
1272 2587 1345 2666 quia

138 2667 302 2749 Aquilone·
311 2717 320 2749 ,
343 2671 394 2752 qui
412 2681 483 2732 eunt
498 2671 768 2754 Septentrionalee,
789 2671 911 2732 Thracii
925 2672 1117 2752 appellentur
1134 2673 1284 2752 apetitio,
1298 2693 1344 2732 re-

138 2756 294 2836 spondeo,
322 2755 483 2816 Homerum
507 2757 544 2818 tt.
575 2751 604 2819 ι’.
628 2755 673 2836 [v.
690 2755 735 2840 6.]
757 2759 857 2818 secere
879 2757 967 2818 etiem
988 2755 1162 2838 Zephyrum
1183 2757 1344 2818 aThracie

139 2859 198 2902 uua
221 2861 291 2902 cum
304 2843 398 2902 Borea
418 2843 591 2922 spirantem.
634 2843 684 2902 sic
701 2843 778 2902 enim
793 2843 862 2920 ille,
884 2841 998 2924 Βορέης
1014 2841 1067 2904 eoi
1082 2841 1231 2924 Ζέφυρος,
1253 2839 1298 2906 roi
1315 2865 1345 2906 re

140 2921 305 3012 Θρῄκηθεν
326 2923 429 3006 ἄητον.
450 2927 491 2986 ad
513 2947 601 3008 queue
626 2947 745 2988 veroum
766 2938 848 3008 uolat
875 2927 1066 3003 Euatetbiue,
1087 2927 1259 3008 Zephyrum
1282 2929 1344 2988 diei

138 3032 199 3071 une
222 3033 291 3072 cum
310 3013 406 3072 Borea
432 3011 548 3090 epirere
573 3031 611 3072 ex
626 3011 773 3090 Thracia,
797 3015 845 3074 vel
865 3013 947 3094 quod
962 3011 1091 3074 Thracia
1113 3015 1164 3073 ait.
1176 3016 1344 3074 communie

139 3097 275 3158 omnium
296 3105 455 3158 ventorum
470 3097 555 3176 quoai
577 3097 694 3158 officina
712 3117 765 3158 eeu
790 3107 947 3160 commune
970 3099 1169 3160 domicilium:
1190 3101 1243 3159 vel
1259 3101 1343 3180 quod

140 3179 297 3264 Zephyro·
320 3203 376 3264 per
392 3181 550 3242 Threciam
566 3183 597 3242 in
613 3203 703 3262 ¹enare
718 3185 867 3245 Graecum
889 3185 1021 3246 incidat:
1044 3185 1095 3244 vel
1117 3185 1201 3264 quod
1214 3185 1343 3245 Thracia

140 3269 227 3330 stlcie
244 3269 370 3348 ligurem
385 3289 458 3348 pree
477 3289 509 3328 ee
525 3269 619 3346 seret,
641 3269 706 3344 vel,
730 3279 763 3330 ut
779 3271 830 3332 alii
847 3271 969 3348 volunt,
990 3271 1083 3348 eigma
1097 3271 1225 3330 litterae:
1248 3291 1344 3351 quere

141 3375 210 3414 cum
225 3355 266 3414 ita
279 3355 341 3414 lete
356 3362 473 3434 patent,
496 3369 557 3414 non
573 3373 636 3414 eeee
650 3357 759 3415 mirum
773 3357 799 3414 ei
817 3355 854 3414 ab
874 3365 1000 3435 utrnque
1021 3357 1083 3415 eiua
1104 3365 1190 3436 porte
1211 3356 1244 3415 hi
1259 3361 1343 3417 venti

141 3441 257 3521 epirote
277 3439 433 3516 dicantur,
457 3439 606 3500 Boreeea
635 3439 883 3520 eeptentrionoli‚
907 3431 1123 3522 Zephyrue‘ab
1145 3442 1341 3506 occidentali.

140 3526 211 3586 vide
225 3543 302 3606 quea
317 3535 387 3584 euut
403 3535 543 3586 annotate
561 3545 626 3606 eup.
639 3529 676 3586 ad
691 3527 840 3609 Qdexxv.
859 3526 912 3589 lib.
934 3533 962 3592 1.
979 3525 1030 3602 ibi,
1044 3526 1086 3608 [v.
1104 3526 1166 3607 11.]
1212 3526 1342 3589 llirece'o

44 3622 51 3631 “
141 3625 235 3670 meto.
276 3611 338 3670 lam
351 3629 433 3686 vero,
450 3611 532 3690 quod
547 3611 597 3670 alii
613 3611 734 3687 dicunt,
748 3611 799 3672 hio
815 3621 954 3672 aeetotem
970 3613 1129 3692 perepicuo
1144 3613 1276 3674 describi
1290 3615 1341 3673 vel

142 3715 181 3755 ex
195 3695 256 3754 hoc
276 3713 367 3756 vereu
384 3696 512 3776 intelligi
527 3715 634 3777 poeae,
656 3695 826 3759 Adduxere
846 3699 925 3758 eitim
946 3713 1096 3779 tempore,
1123 3695 1250 3780 Vergilit
1273 3697 1341 3758 dico

142 3801 211 3840 eum
227 3779 417 3842 referendum
434 3801 497 3840 eeeo
514 3803 574 3841 non
591 3781 629 3842 ad
649 3783 735 3859 anui,
757 3783 809 3844 eed
825 3783 863 3842 ad
880 3783 939 3843 diei
952 3793 1090 3864 tempua:
1112 3805 1220 3864 nempe
1235 3784 1273 3844 ed
1286 3783 1341 3844 ho·

142 3885 205 3926 rem
223 3865 284 3925 diei
298 3865 453 3946 eeptimern
468 3873 521 3928 aut
538 3877 692 3946 octavam,
714 3887 768 3928 een
788 3869 891 3952 potiue
912 3889 1021 3928 nonem
1040 3889 1077 3928 ao
1097 3869 1258 3930 decimeme
1280 3889 1340 3947 quo

142 3959 277 4031 tempore
291 3951 418 4010 Romani
433 3971 540 4012 cenure
558 3955 703 4014 eolebent.
741 3953 831 4028 Quod
848 3955 872 4013 ei
885 3955 952 4033 quie
970 3955 1134 4014 contendet
1147 3955 1341 4036 pertinaciter

142 4038 180 4096 ed
197 4037 265 4096 unni
284 4045 403 4115 tempue
423 4057 486 4100 eree
508 4039 714 4116 referendum,
735 4040 941 4120 reepoudeho,
963 4041 995 4100 in
1017 4039 1100 4102 ltelie
1117 4059 1243 4101 vernum
1259 4049 1340 4101 tern-

141 4143 200 4203 pne
213 4122 310 4183 multo
326 4122 454 4182 calidiue
472 4132 503 4183 et
518 4125 702 4186 eiticuloeiue
723 4145 786 4185 eeee
804 4145 891 4205 quem
911 4127 943 4186 iu
962 4127 1066 4188 Gallie
1110 4125 1261 4201 Quocirca
1281 4147 1340 4186 non

143 4209 251 4269 dehere
273 4225 338 4268 eree
360 4209 486 4285 mirum,
513 4209 538 4268 ei
561 4211 642 4271 dicet
662 4207 833 4272 Adduxere
854 4212 943 4272 airino.
986 4211 1144 4272 Praeterea
1162 4228 1271 4274 verene
1293 4213 1338 4271 illi

141 4295 332 4375 euperioree,
353 4289 466 4354 Nidmn
479 4295 584 4376 ponit,
606 4293 685 4382 Itym
703 4305 761 4358 otc.
783 4295 953 4370 declarent,
975 4295 1025 4358 hic
1045 4317 1099 4358 ver
1114 4297 1261 4373 deeorihi,
1280 4315 1338 4358 nou

142 4389 293 4442 nectutem.
313 4375 446 4438 hirundo
469 4381 547 4440 enim
560 4383 643 4442 cerie
658 4391 703 4441 eet
716 4383 836 4459 nuntia,
858 4391 893 4442 ut
909 4383 1009 4443 eciuut
1026 4403 1143 4455 umnec,
1167 4383 1248 4445 unde
1263 4403 1337 4464 prn-

140 4467 292 4536 verbium,
319 4462 384 4523 Une
400 4463 527 4526 hirundo
547 4489 596 4527 uer
609 4489 667 4528 non
684 4465 787 4550 efficit.
830 4469 935 4548 ltaque
951 4469 1094 4530 Horatius
1113 4489 1240 4530 vernum
1260 4479 1336 4530 ten-

141 4571 198 4632 pue
214 4547 362 4630 eignilicet
377 4569 433 4631 per
447 4550 601 4632 Zephyroe
618 4561 648 4614 et
661 4549 852 4616 hirundinem
871 4555 1012 4636 peiorem,
1029 4555 1115 4635 epiet.
1127 4559 1159 4622 7.
1182 4555 1234 4620 lih.
1254 4559 1282 4621 1.
1301 4551 1333 4614 ad

73 4940 163 4998 Δ
