2894 5052
116 323 180 388 ese
475 315 694 383 nouam
717 315 947 380 cunutus.
987 277 991 282 ’

101 481 346 566 ’συνθνήσκοοσι
359 491 464 560 κακοῖς
477 486 510 550 οἱ
528 481 771 567 σομπαρὲοντες.)
793 483 855 568 [Ex
872 483 943 546 edit.
963 485 1058 566 post]
1074 485 1191 566 Iupiter
1206 485 1318 566 (inquit

117 573 212 632 Varro
232 571 283 631 lib.
300 577 331 636 4.
347 571 384 632 de
405 573 476 650 ling.-
492 572 571 658 Lat.)
594 570 710 634 Diiouis
724 580 754 632 et
769 570 913 656 Diespiter
925 570 1041 648 dictus,
1066 569 1127 632 hoc
1150 582 1197 634 est
1215 591 1267 632 aer
1289 580 1319 632 et

117 657 197 734 dies,
218 657 251 716 id
268 667 332 732 est,
353 656 415 717 disi
430 667 460 718 et
475 655 551 718 lucis
563 665 659 736 peter.
1058 733 1060 738 ,

200 747 251 808 30.
279 743 306 802 N
312 741 527 822 rennuens]
552 755 614 805 uon
636 741 754 823 cultus,
779 749 833 803 aut
852 742 939 802 etiam
961 739 1090 802 offensus
1112 739 1199 818 fests,
1216 741 1320 822 aliquo

116 827 256 909 improbo
272 837 303 887 et
316 828 420 908 impio.
775 866 782 886 .

200 918 253 980 81.
275 913 385 972 Reno
408 931 538 974 auree.
562 915 682 986 sunm]
703 931 773 972 raro
791 909 1081 990 ac'eleatusadmissi
1101 909 1243 970 facinoris
1267 917 1321 969 aut

116 993 224 1077 culpae
239 998 413 1058 commissae
433 1017 559 1078 poenam
575 997 694 1078 effugit:
717 997 838 1076 culpam
858 996 938 1056 enim
953 995 1150 1075 consequitur
1163 1014 1270 1074 poene,
1293 995 1319 1052 si

115 1104 176 1143 non
192 1083 291 1142 statim
303 1103 408 1162 neque
427 1083 495 1162 pari
515 1083 687 1158 celeritate,
710 1081 925 1162 utaliquando.
961 1083 1045 1142 Plato
1068 1081 1120 1140 lib.
1134 1083 1164 1147 5.
1180 1079 1217 1138 de
1232 1081 1319 1157 legg.

69 1209 72 1219 ·
117 1167 163 1248 [p.
181 1173 254 1234 728.
266 1163 317 1248 Β.]
345 1169 478 1250 Τιμωρία
496 1161 527 1230 δ’
546 1161 665 1240 sidentur
683 1160 854 1241 duo'loudoe
867 1163 987 1246 πάσης,
1007 1159 1047 1248 ἧς
1061 1159 1079 1228 d
1095 1189 1126 1228 ra
1146 1161 1245 1244 requio
1267 1163 1321 1226 καὶ

116 1249 158 1332 μὴ
173 1245 328 1334 τυγχάνων
349 1249 471 1327 ἄθλιος·
495 1250 591 1330 ὁμέν,
614 1245 671 1316 min
687 1244 912 1334 ἰατρευόμενος·
935 1249 1011 1328 ddi,
1033 1252 1086 1314 ἵνα
1106 1250 1200 1332 ἕτεροι
1212 1248 1320 1312 πολλοὶ

117 1333 277 1414 σώζωνται,
295 1331 511 1418 ἆπολλύμενος.
525 1338 558 1396 id
575 1347 627 1408 eat,
643 1354 740 1418 poena
753 1337 917 1397 iniustitiae
932 1337 1027 1398 omnis
1042 1357 1141 1396 comes
1156 1344 1210 1408 est,
1230 1355 1320 1414 quam

117 1433 148 1480 et
162 1422 215 1500 qui
229 1423 285 1481 luit
303 1433 334 1483 et
350 1422 402 1502 qui
424 1441 483 1482 non
497 1423 568 1492 luit,
592 1423 682 1482 miser
700 1433 759 1483 est:
780 1420 831 1482 hic
852 1421 991 1502 quidem,
1013 1421 1084 1501 quis¹
1103 1441 1163 1481 non
1184 1429 1318 1494 sanetur,

116 1507 168 1566 ille
183 1517 294 1584 sutem,
309 1508 389 1586 quis,
407 1516 441 1567 ut
454 1507 504 1567 alii
519 1507 606 1568 multi
621 1507 697 1568 salvi
709 1507 780 1583 sint,
792 1508 906 1568 interit.
949 1508 1102 1568 Sententia
1117 1506 1211 1584 igitur
1228 1503 1320 1566 huius

115 1591 177 1651 leci
194 1591 270 1652 haec
286 1602 345 1668 est,
368 1594 448 1652 llere
465 1585 507 1652 it'e
529 1591 618 1660 tauln
631 1591 688 1652 fuit
703 1613 812 1674 poena,
827 1602 863 1652 ut
878 1593 1037 1654 scelestum
1052 1594 1169 1670 assequi
1189 1611 1248 1650 non
1265 1611 1320 1672 po-

115 1675 208 1736 tuerit
220 1686 250 1735 et
263 1675 299 1736 de
317 1678 453 1738 menibus
467 1679 614 1738 amiserit:
637 1679 723 1738 etita
738 1698 848 1738 nomen
869 1675 959 1737 turdo
980 1678 1164 1754 intelligetur
1177 1677 1320 1736 adiuvare

115 1763 177 1822 vim
198 1761 284 1822 verbi
304 1761 445 1822 Deseruit.
488 1763 588 1824 Potest
608 1771 638 1822 et
658 1761 719 1822 lsoc
740 1761 830 1824 modo
856 1762 1018 1840 explicari:
1047 1761 1193 1836 Quemvis
1223 1781 1320 1840 poena

115 1846 269 1923 terds'sit,
285 1850 454 1926 assequitur
469 1857 567 1908 tumen
585 1855 614 1908 et
628 1846 856 1929 comprehendit
869 1847 1032 1928 aliquando
1045 1857 1218 1907 nocentem:
1234 1845 1320 1906 tarda
1365 1903 1368 1914 ,

115 1927 305 2012 quidem'est
325 1953 421 2012 poena
442 1943 471 1993 et
488 1927 678 2016 dqedu'noue,
703 1931 734 1993 id
762 1943 822 2008 est,
843 1925 933 1992 turdo
956 1935 1090 2010 incessu;
1112 1941 1321 2003 verumtamen

115 2017 272 2076 scelestum
286 2015 435 2078 hoissinem
450 2017 579 2090 effugere
593 2038 651 2076 non
670 2018 793 2097 patitur,
816 2017 868 2078 sed
883 2017 1044 2098 aliquando
1057 2038 1123 2078 eum
1141 2019 1319 2096 assequitur.

115 2102 159 2161 sio
171 2101 276 2182 lim-ip.
290 2101 421 2181 [Fragm.
437 2123 484 2183 ap.
498 2104 578 2164 Plut.
597 2103 635 2162 de
649 2105 679 2162 S.
695 2103 729 2162 N.
745 2103 780 2164 V.
802 2123 835 2208 p.
850 2109 881 2170 6.
895 2104 942 2168 ed.
958 2101 1069 2182 wytt]
1091 2095 1167 2166 oillei
1182 2107 1252 2200 σιγᾷ
1268 2099 1321 2164 aul

115 2181 223 2268 liperici
234 2187 307 2252 nodi
321 2189 476 2266 στείχουσα
489 2181 606 2270 peip-tut
624 2183 696 2260 τούς
714 2211 839 2265 xenone,
853 2184 928 2251 ὅταν
946 2185 1031 2273 τύχῃ.
1056 2187 1089 2246 id
1110 2195 1164 2262 eet,
1184 2197 1336 2251 tacsteet*

114 2272 203 2326 tendo
220 2271 298 2348 pede
310 2271 451 2330 incedens
466 2294 564 2349 poena
577 2271 731 2352 improbos
754 2271 1004 2352 comprehendet,
1026 2291 1096 2330 eum
1117 2271 1180 2330 iore
1203 2274 1319 2334 tulerit.

115 2359 145 2408 et
157 2347 268 2410 Tibull.
291 2349 365 2428 eleg.
383 2355 415 2416 9.
439 2351 479 2428 [r.·
496 2371 526 2412 v.
542 2357 584 2428 8.]
611 2354 679 2418 ,ΑΙι
699 2359 801 2434 ποίοιν,
824 2372 852 2420 et
872 2358 900 2418 εἰ
924 2359 990 2440 quis
1009 2357 1106 2436 prime
1123 2358 1254 2436 periurio
1273 2379 1320 2418 ee·
1394 2419 1397 2424 Δ

115 2431 175 2493 lot:
215 2431 288 2494 Seru
311 2449 409 2496 tumen
429 2437 529 2498 tacitis
548 2459 646 2520 poma
662 2443 740 2503 uenit
755 2439 891 2525 pedidus.
912 2441 979 2522 lego
992 2439 1149 2504 Plutarch.
1175 2430 1246 2527 ποσὶ
1263 2446 1321 2506 τοὺΙ

9 2518 12 2527 ’
93 2519 206 2605 ,θείου
228 2519 364 2602 βραδέως
383 2523 619 2604 τιμαροομίνοα.
1205 2557 1219 2582 ο

597 2773 716 2848 ODE
753 2773 830 2852 111.

120 2957 230 3010 thuu
247 2957 404 3027 praeditum
418 2961 506 3012 otram
523 2961 598 3014 ntttt
615 2963 795 3016 extimescere.
813 2965 903 3016 erosis
927 2965 1041 3018 tmesis
1059 2965 1094 3018 ds
1112 2965 1198 3018 stole
1214 2965 1319 3031 suerso,

201 3041 270 3097 bello
289 3046 408 3098 Tros'one
418 3045 520 3114 finite,
538 3049 650 3120 imperio
662 3053 792 3102 Romane.
802 3067 821 3103 α
839 3051 968 3105 Troianis
982 3053 1091 3106 initium
1103 3065 1228 3123 coptum.

202 3203 233 3264 1.
253 3198 307 3258 En
326 3215 508 3266 rensuum
527 3161 760 3277 esurissent]
783 3213 970 3268 constantem
985 3205 1017 3266 in
1032 3205 1193 3288 proposito
1215 3181 1320 3268 ansue-

116 3293 232 3364 ptoque
247 3283 390 3362 consiliu,
411 3305 472 3346 non
488 3290 597 3366 quovis
613 3296 730 3361 tumen,
752 3288 805 3348 sed
829 3301 925 3354 recto.

201 3367 228 3428 N
236 3387 282 3430 ou
304 3390 444 3430 csvsusr
467 3371 614 3452 aunon]
636 3393 697 3432 non
713 3371 794 3434 cives
812 3373 899 3452 irati,
920 3375 966 3437 ira
982 3375 1131 3436 ardentes.
1152 3373 1229 3436 laaec
1248 3386 1341 3448 sunt,
1383 3373 1391 3380 ’

84 3473 89 3493 ⁸
114 3453 272 3538 referenda
288 3455 326 3514 ad
342 3455 571 3533 democratiam,
593 3458 624 3516 in
640 3477 698 3536 que
713 3460 847 3538 populus
861 3461 936 3542 reip.
950 3470 1078 3541 praeest,
1096 3469 1130 3522 ut
1143 3461 1214 3520 olim
1226 3461 1320 3523 Athe.

115 3539 172 3613 nis.
215 3539 297 3613 Quin
322 3541 410 3601 etiam
431 3543 559 3618 Romae,
581 3542 633 3602 ubi
650 3545 810 3624 optimates
831 3563 899 3606 cum
920 3547 1041 3626 populu}
1054 3545 1129 3626 re'ip.
1148 3555 1317 3626 praeerant,

116 3625 157 3682 ita
175 3621 394 3702 loquebantur,
416 3625 544 3708 populus
562 3628 656 3704 iussit,
675 3637 705 3688 et
720 3626 833 3704 uelitis,
855 3629 981 3692 iubentis
997 3629 1135 3710 Quirites.
1160 3631 1260 3710 Penne
1273 3633 1318 3690 iu·

116 3705 243 3770 dentium
258 3710 351 3790 igitur
366 3711 415 3774 vel
435 3709 481 3770 sio
496 3713 632 3792 explica,
655 3733 762 3792 pravas
776 3715 856 3794 leges
875 3717 1051 3793 ferentium,
1073 3735 1126 3776 seu
1141 3717 1319 3798 ponentium

55 3812 60 3820 ·
117 3793 218 3874 potius
233 3803 262 3854 et
280 3796 490 3872 condentium,
511 3799 562 3858 vel
579 3817 626 3858 res
640 3817 750 3878 provee
761 3801 926 3861 volentium
943 3811 1034 3882 atque
1049 3801 1270 3882 imperantium.

201 3884 231 3946 3.
251 3881 340 3940 Nor
360 3901 509 3942 vunrus
531 3901 626 3942 suar.
649 3883 755 3964 nrm]
778 3905 840 3946 non
853 3907 995 3967 praesens
1008 3897 1153 3966 tyrumue
1165 3887 1318 3968 imperans

117 3964 270 4044 quippiam
286 3967 383 4026 minus
396 3976 520 4028 rectum.
535 3966 613 4028 haec
627 3967 664 4026 ad
677 3971 865 4048 tyrannidem
880 3973 1040 4052 pertinent.

200 4053 230 4116 4.
251 4051 390 4112 Munna
413 4073 556 4120 Quartr
578 4053 736 4134 suusne]
757 4055 795 4118 de
818 4057 964 4127 sententia
980 4057 1121 4118 demovet
1141 4066 1194 4118 aut
1208 4055 1316 4118 detur·

116 4133 183 4206 bet,
204 4135 237 4196 id
254 4145 316 4213 est,
338 4159 399 4196 non
417 4136 509 4198 lsabet
522 4157 587 4198 eam
601 4140 681 4217 vim,
704 4149 740 4199 ut
754 4161 821 4202 eum
837 4143 1013 4202 senteutiam
1028 4151 1143 4206 mutare
1157 4149 1251 4219 cogat.

84 4259 87 4274 -
193 4223 224 4286 4.
248 4241 372 4291 neque
393 4223 506 4282 Ausa.
527 4223 607 4283 Dux
626 4243 706 4293 sno.
727 4245 831 4291 unna.
853 4226 951 4307 dnm]
971 4227 1060 4288 etiam
1081 4249 1172 4309 supra
1191 4228 1316 4300 Notum,

118 4307 147 4366 id
164 4315 225 4381 eet,
247 4310 407 4380 Austrum,
429 4308 574 4370 arbitrum
591 4307 703 4370 euriae
714 4311 797 4372 dixit
814 4311 872 4372 Od.
889 4333 934 4374 ιιι.
955 4312 1008 4372 lib.
1026 4319 1054 4378 1.

201 4397 230 4458 6.
251 4393 325 4452 Nnc
347 4393 630 4479 ruuuruaurra]
653 4415 709 4456 nec
731 4396 815 4458 lovis
828 4399 963 4460 tulmina.
980 4395 1186 4460 aiorubeatem
1207 4395 1317 4464 dexte-

189 4581 221 4632 V.
237 4582 262 4644 6.
279 4597 381 4651 magno
398 4583 474 4636 Iovia
489 4597 593 4635 munus.
