2882 5048
259 236 264 246 ·
372 203 642 302 ‘'louxvu.
684 188 888 340 voss-te.
1090 221 1091 228 ‘
1202 210 1276 308 Χσοι
1386 209 1403 270 s

80 401 153 485 pitis
161 373 374 502 ¹protestationes.
391 409 421 462 et
436 393 596 506 E-uriiritles
609 402 640 464 iu
650 393 760 513 Alcesti
776 345 1086 514 [998ρροζέξέοξῑέι]Ρ
1100 381 1164 467 riou
1175 407 1278 469 admo.
1350 471 1352 481 .

84 487 1045 660 tut¹³tt¹tsttrtmtztmittitete
1058 495 1279 661 usatites

82 653 357 720 vestimentaliter·
375 663 480 720 nessei.
502 653 550 721 oo’
563 659 673 723 tovers
687 667 807 724 νεολαῖα
820 665 982 745 γυναικοῖν.
998 661 1030 720 itl
1046 671 1105 737 est,
1128 673 1195 723 ente
1210 685 1280 744 por.
1317 680 1319 688 ¹
1372 691 1393 748 *.

83 751 131 801 tas
145 753 244 802 autem
266 761 326 800 non
348 741 452 820 video,
476 753 511 803 ut
534 765 599 804 mos
622 755 652 804 et
671 745 806 805 instituta
823 747 995 828 postulant,
1018 748 1154 806 lontauss
1177 769 1279 828 aquas,

84 847 161 908 quse
177 829 274 886 solent
288 826 424 887 adhiberi
436 829 468 887 iu
482 840 667 890 mortuorum
684 831 790 910 portis,
808 853 893 891 come
910 838 1008 906 autem
1023 833 1104 890 nulla
1121 842 1165 906 est
1181 835 1212 892 iu
1227 853 1281 900 ve-

83 913 224 972 stibulo'e
239 915 335 992 capita
350 913 494 991 abscissa,
514 935 590 996 quse
608 915 640 976 iu
655 925 843 978 mortuorum
861 915 991 978 luctibus
1012 915 1076 975 lieri
1097 917 1203 978 solent.
1219 939 1282 1000 po·
1363 917 1364 924 '

84 1007 195 1058 stromo
216 999 374 1058 mulierum
398 1004 563 1060 conventus
577 1021 637 1062 non
661 1002 740 1062 tollit
757 1003 919 1078 elamorem
939 1021 1036 1082 nsque
1054 1004 1211 1082 strepitum
1231 1017 1281 1065 ett-
1307 1031 1309 1038 ’

85 1083 168 1144 citat.
190 1085 233 1144 sio
250 1082 436 1161 igiturhuno
450 1085 550 1145 locum
566 1087 762 1166 explicabem.
805 1085 915 1146 Matres
929 1083 1079 1146 ·Troiaisae
1093 1108 1203 1168 eorpus
1221 1088 1283 1150 lla·

85 1169 195 1244 etoris,
217 1167 445 1247 quodolehilles
459 1169 582 1230 canibus
597 1181 627 1232 et
639 1173 744 1232 avibus
762 1171 972 1244 destinaverat,
995 1173 1138 1232 luxerunt
1152 1169 1291 1253 horrore-¹

84 1273 146 1340 que
165 1255 337 1334 sepulturae
357 1255 538 1332 affecerunt,
560 1263 758 1338 posteaquam
771 1255 902 1322 Aeliilles
914 1256 1024 1316 Priami
1041 1259 1188 1338 supplicia
1208 1279 1283 1320 ors-

83 1335 166 1400 tions
181 1349 212 1399 at
225 1340 363 1418 precibus
379 1341 477 1402 llexus
493 1351 546 1406 est.
590 1341 652 1404 lam
667 1341 797 1404 Achilles
814 1343 894 1421 apud
909 1341 1031 1404 Homer.
1048 1343 1085 1404 ll·
1104 1335 1145 1406 ω’.
1164 1343 1283 1414 aller·

35 1429 39 1436 '
87 1425 173 1485 eurio
193 1427 399 1503 praemonitus
414 1436 444 1487 et
459 1426 497 1486 de
512 1427 593 1487 lovis
614 1428 768 1488 voluntate
788 1422 898 1487 oertior
917 1421 1013 1487 luctus
1030 1426 1149 1488 Priamo
1171 1448 1299 1508 eorpuas
1346 1495 1348 1500 ¹
1433 1417 1436 1428 ’

83 1509 221 1570 Hectoris
230 1511 350 1570 'froiam
358 1511 577 1591 deportandum
586 1532 621 1572 au
630 1493 836 1592 'sepeliendum
846 1511 949 1574 tradit.
962 1513 1005 1572 sio
1014 1508 1097 1576 llum.
1106 1511 1147 1592 [v.
1156 1511 1282 1594 599qu

88 1591 157 1666 Ίῖὸς
174 1595 228 1674 μέν
244 1593 285 1676 δή
298 1619 345 1658 τοι
361 1597 487 1674 λέλυται,
509 1595 613 1679 γέρον,
627 1596 668 1671 οἱς
684 1597 823 1671 ἐκέλευες.
868 1601 973 1660 Κοῖτοι
988 1591 1020 1660 δ’
1034 1595 1068 1662 έν
1081 1593 1205 1678 λεχέεσσι
1220 1593 1284 1680 ἅμα

85 1674 119 1743 δ’
133 1673 188 1759 eloi
200 1678 550 1766 φαινομένῃφινὍψεοι
565 1677 653 1755 aristis
667 1679 759 1765 ἄγων.
794 1681 898 1758 Virgil.
913 1681 986 1742 Aen.
1000 1689 1030 1748 2.
1048 1681 1092 1763 [v.
1108 1687 1180 1750 540.
1199 1682 1281 1764 sqq.]

83 1764 131 1826 At
146 1787 202 1823 non
218 1761 278 1838 ille',
302 1781 396 1826 sotum
412 1789 469 1848 quo
485 1781 513 1826 te
526 1768 665 1842 mentiris,
682 1765 820 1828 Achillea
837 1765 923 1827 Talis
937 1769 968 1827 in
980 1766 1061 1828 ltoste
1068 1767 1135 1852 suit
1150 1766 1281 1843 Priamo,

84 1846 136 1910 secl
151 1851 216 1908 iuro
230 1848 378 1932 fidemque
391 1849 542 1931 supplicis
555 1849 668 1910 erubuit
681 1865 842 1933 corpusque
859 1873 1010 1932 exsangue
1021 1849 1153 1933 sepulcro
1169 1849 1283 1940 Reddi-

85 1931 131 1994 tiit
144 1931 330 1994 Hectoreum.
357 2002 359 2008 ,
375 1935 450 1993 Cum
469 1933 517 1994 his
540 1933 707 1994 rationibus
727 1945 757 1996 at
772 1937 952 2013 argumentis
972 1935 1119 1996 adductus
1134 1937 1284 2016 inpriore

86 2017 215 2077 editione
228 2015 331 2078 luxere
344 2019 552 2078 excudendum
567 2039 716 2079 curassem
733 2030 763 2080 et
775 2017 891 2098 aliq'uot
900 2022 984 2080 annis
995 2030 1065 2100 post
1080 2023 1212 2082 Lutetiae
1221 2043 1284 2082 non
1371 2045 1375 2056 ’

85 2121 183 2184 pauca
204 2102 322 2192 Horatii
342 2104 520 2184 exemplaria
540 2105 743 2186 manuscripta
764 2115 869 2166 nactus
890 2105 921 2163 in
945 2107 987 2164 eis
1006 2105 1144 2166 omuibus
1166 2106 1285 2168 Unaeere
1349 2155 1355 2158 -
1391 2129 1393 2136 ’

86 2180 232 2268 scriptum
247 2173 440 2268 reperissem,
462 2190 518 2250 nisi
534 2189 662 2270 quodie
682 2209 742 2250 uno
757 2187 818 2274 hoe¹
830 2189 955 2250 verbum
972 2192 1077 2250 eratin
1098 2191 1204 2268 litura,
1226 2191 1284 2254 hae

86 2273 217 2331 secunda
236 2273 365 2334 editione
382 2275 512 2354 plurium
527 2275 672 2358 librorum
698 2274 906 2334 auctoritatem
923 2275 1005 2352 sequi
1027 2276 1135 2346 malui,
1156 2276 1188 2334 in
1209 2295 1285 2336 seu-
1359 2330 1362 2339 ,

86 2359 178 2416 tentis
193 2369 290 2418 tamen
305 2360 405 2438 priore
420 2379 557 2434 manens,
580 2367 614 2417 ut
631 2367 751 2438 putem,
774 2358 896 2418 Luxere
909 2359 1011 2437 potius
1030 2357 1189 2436 legendum
1208 2381 1284 2438 esse,

87 2461 177 2521 quam
194 2441 328 2519 Unacere,
353 2451 404 2502 aut
427 2455 508 2502 certe
531 2453 688 2524 utramque
708 2443 867 2503 lectionem
889 2463 952 2522 asse
973 2443 1178 2524 probabilem,
1201 2447 1286 2526 quod

87 2535 118 2586 et
128 2528 258 2588 Antonio
274 2529 388 2589 Murato
402 2527 530 2592 videtur.
877 2583 887 2588 -
1138 2553 1143 2572 ο

174 2617 223 2676 tt.
239 2633 447 2674 «tortorum
467 2609 595 2698 rssrs]
618 2611 786 2682 Addixerat
803 2603 964 2672 Hectorem
984 2591 1109 2673 canibui
1131 2623 1161 2673 et
1179 2615 1285 2676 avibus
1327 2665 1330 2678 .

86 2693 219 2756 Achilles
233 2697 290 2756 iam
308 2699 350 2758 ab·
365 2719 399 2759 ao
419 2697 573 2780 tempore,
596 2718 655 2778 quo
673 2697 785 2757 Hector
806 2698 959 2758 mortifero
980 2697 1033 2757 illo
1050 2698 1128 2759 iuter
1142 2697 1285 2761 humeros

87 2789 116 2840 et
133 2782 280 2858 cervices,
304 2785 356 2846 ἵνα
370 2806 401 2846 τε
416 2789 519 2864 ψυχῆς
539 2781 663 2859 ὤκιστος
676 2779 819 2862 ὄλεθρος,
838 2783 869 2842 itl
893 2793 953 2860 est,
975 2783 1027 2842 ubi
1049 2784 1224 2852 celerrimus
1239 2795 1286 2848 θεῖ

86 2867 233 2940 interitus,
250 2870 375 2929 vulnere
387 2881 512 2950 accepto
526 2870 687 2948 iacensque
701 2877 730 2928 et
742 2888 833 2947 paona
848 2863 991 2930 exanimis
1007 2867 1153 2930 Achillem
1170 2871 1284 2947 orabat,
1391 2926 1403 2942 ,

64 2969 66 2974 ’
86 2961 123 3011 ut
141 2973 252 3032 corpus
273 2975 360 3014 suum
382 2956 460 3034 patri
476 2955 593 3014 Priamo
609 2953 845 3014 comburendum
865 2973 899 3012 so
919 2953 1121 3034 sepeliendum
1145 2955 1286 3018 redderet
1364 2951 1369 2957 ’

5 3073 6 3076 =
86 3057 184 3116 neque
201 3039 324 3098 canibus
336 3040 558 3100 dilacerandum
576 3040 658 3118 apud
674 3039 775 3098 nav'eis
790 3038 980 3117 relinqueret.
1004 3040 1047 3098 sic
1064 3039 1141 3100 enim
1157 3061 1285 3122 respon·

88 3117 140 3182 det
159 3124 195 3189 tt.
211 3119 244 3204 χ’.
270 3123 500 3208 [ν.345,ορρ.]
546 3119 605 3205 Μή
628 3147 677 3204 με,
699 3118 793 3200 νόον,
815 3119 935 3204 γούνων
940 3119 1116 3215 ρουνοῖζεο,
1138 3125 1213 3206 μηδέ
1231 3149 1286 3190 το·
1371 3183 1374 3190 .

87 3203 188 3288 stiur·
209 3213 255 3272 At
267 3205 324 3290 γάρ
340 3228 404 3284 πως
419 3206 509 3275 αὐτόν
521 3234 557 3292 με
574 3208 663 3291 μένος
678 3208 728 3271 uui
745 3205 844 3289 θυμός
857 3202 959 3288 olveto,
972 3204 1051 3290 ”tto'
1070 3204 1286 3294 ἅποταμνὸμε-

87 3317 143 3356 νον
157 3292 228 3375 κρέα
243 3295 372 3375 ἔδμεναι,
395 3291 445 3358 olai
462 3292 489 3379 μ’
514 3297 628 3376 ἔοργας.
661 3291 720 3368 Ὣς
735 3288 792 3358 osis
808 3288 896 3369 ‘luti'²
914 3290 948 3367 ὃς
964 3299 1019 3374 σῆς
1030 3319 1063 3378 γε
1077 3290 1173 3370 κύνας
1186 3320 1286 3375 κεφα-

88 3384 143 3456 λῆς
160 3375 344 3443 α’παλᾶέκοιι
357 3381 388 3439 id
405 3391 464 3457 est,
485 3382 530 3440 Ne
549 3379 633 3454 mihi,
646 3377 737 3439 home
753 3379 1019 3458 impudentissime,
1035 3401 1092 3462 per
1109 3399 1203 3456 genua
1220 3403 1285 3442 maa

89 3465 340 3545 supplicatioque
361 3486 415 3545 per
433 3467 593 3546 parenteia.
636 3465 710 3524 llam
728 3485 775 3524 me
790 3463 905 3522 animus
926 3475 964 3524 et.
976 3463 1022 3522 ira
1041 3465 1183 3542 incitant,
1205 3478 1239 3526 ut
1255 3477 1286 3528 te

89 3552 215 3612 crudum
231 3552 262 3611 in
278 3554 373 3612 frusta
387 3562 501 3612 sectum
517 3549 679 3624 comedam,
698 3551 771 3610 talia
784 3549 814 3608 in
832 3570 877 3607 me
893 3549 1076 3608 commisisti.
1109 3551 1210 3624 Quare
1225 3569 1308 3628 non„

89 3647 136 3697 est
149 3639 324 3718 quisquam,
348 3635 400 3716 qui
418 3657 505 3696 canes
521 3659 536 3695 s
551 3637 651 3715 eapite
668 3644 720 3694 tuo
738 3631 895 3714 probibere
909 3635 1014 3714 possit.
1030 3645 1058 3694 et
1071 3635 1108 3697 ii..
1123 3629 1169 3714 ψ’.
1186 3636 1217 3696 in
1232 3657 1287 3700 se·
1355 3701 1356 3708 .

88 3725 213 3803 pultura
227 3723 365 3798 Patrocli,
381 3741 448 3782 cum
463 3721 626 3802 ¹duodecim
643 3721 712 3779 illos
725 3719 872 3803 Troianos¹
886 3719 1019 3794 iuvenes,
1034 3741 1110 3798 quos
1125 3725 1209 3780 vivos
1220 3725 1288 3783 ‘ce-

88 3820 191 3888 perat‚
214 3829 304 3868 manu
318 3829 370 3867 sus
383 3805 555 3868 interlectos
571 3807 603 3866 in
618 3825 724 3883 rogum
739 3805 932 3882 coniecisset,
953 3805 995 3865 ait
1007 3826 1038 3864 se
1052 3805 1218 3866 Hectorem·
1227 3829 1288 3868 nou

88 3893 216 3954 flammis
239 3903 431 3968 exustarum,
457 3895 511 3952 sed
536 3891 659 3954 canibus
687 3889 891 3950 dilaniandum
913 3892 1120 3972 proiecturum
1144 3890 1186 3972 [v.
1203 3891 1286 3974 tus]
1321 3962 1349 3978 ..
1394 3941 1400 3968 .

79 3975 211 4061 Ἕκτορα
225 3974 257 4042 ‹l'
279 3975 346 4043 οὔτι
360 3969 457 4040 Auium
474 3977 647 4060 Πριαμίδην
660 3975 734 4057 nuel
748 3974 913 4055 δαπτέμεν,
936 3970 1010 4038 itti
1024 3971 1156 4040 κύνεσσι.

176 4071 229 4130 12:
253 4063 501 4144 notuerunt]
529 4055 734 4144 ἀνδροφόνον.
759 4081 857 4139 nequa
879 4079 950 4120 vero
974 4061 1107 4122 ‹leterlus
1127 4061 1221 4122 multo
1243 4072 1289 4124 est

88 4171 197 4211 nomen
215 4151 351 4212 Latinum
371 4150 499 4209 Graeco.
523 4169 589 4208 natu
609 4141 813 4227 α’νδροφὸνος,
827 4145 868 4204 id
883 4155 942 4222 est,
963 4146 1107 4222 virioida,
1130 4149 1210 4226 apud
1225 4147 1290 4210 Ho-

88 4239 204 4304 merum
225 4235 305 4295 idem
329 4235 392 4295 sere
415 4233 512 4309 valet,
539 4232 622 4313 quod
647 4226 916 4314 ἀνθρωποκτόνος,
935 4231 968 4291 id
993 4239 1054 4304 est,
1075 4225 1290 4295 homicida..et

4 4319 5 4322 ’
89 4316 162 4380 item
186 4319 264 4402 aputl
285 4321 390 4400 Eurip.
412 4319 443 4378 in
465 4317 606 4390 Hecuba,
629 4317 680 4378 ubi
703 4317 910 4400 Polymnestor
927 4317 1068 4377 mulieres
1089 4317 1248 4392 Troianus,
1271 4341 1289 4380 a

90 4405 200 4484 quibus
220 4408 282 4467 eius
295 4406 383 4465 liberi
398 4403 486 4486 parvi
497 4403 721 4486 pueri'sueraut
738 4401 906 4476 interfecti,
927 4401 972 4482 [v.
991 4401 1211 4483 suauitatis]
1232 4397 1289 4467 ἆν-

90 4487 263 4575 δροφόνονς
283 4490 426 4574 appellat.
469 4489 606 4572 Denique
625 4485 764 4558 liustatlr'.
784 4487 823 4584 atl
842 4487 930 4547 illurn
943 4487 1044 4550 locem
1056 4488 1165 4566 Bous,
1188 4489 1226 4553 tt
1242 4482 1288 4571 ψ’.
