2894 5052
142 305 207 371 us
306 333 320 356 s
504 289 708 362 nostru
745 295 976 392 cunutus

144 468 372 534 broresalinuns
392 469 550 534 Contentus
563 491 679 552 perges,
700 471 728 532 si
744 463 929 532 ¹uiuereourn
951 465 1021 532 Iouis
1041 465 1148 532 tendis.
1191 466 1276 531 idem
1292 471 1349 530 Se-

126 562 245 638 ‘tyr.4.
266 557 308 638 [v.
322 555 437 640 80qu
466 554 592 640 ingemit
611 555 669 616 ίιοο
686 555 756 622 dens
776 557 831 632 sit,
852 557 1017 616 tunicatum
1040 578 1106 618 oum
1126 551 1190 616 sole
1209 553 1349 616 rnordens

145 641 232 726 Cspe,
253 657 281 704 et
297 641 450 726 farratam
462 644 561 725 pueris
577 638 787 724 plaudentibus
807 637 910 702 allans.
931 649 963 700 et
980 641 1059 702 illud
1080 641 1219 720 Diogenis
1233 641 1350 720 Cynici¹

144 747 233 832 pacm
250 749 319 790 cum
333 729 475 789 Cretam
494 746 552 790 τοι
573 726 611 786 sd
636 747 668 788 se
684 727 843 804 invitaret,
866 719 1031 808 βοιίίοριαι,
1054 724 1130 806 dam,
1152 726 1186 790 ἐν
1203 720 1351 806 Ἀθήναις

143 815 338 894 αίοίιίχειν,
365 809 396 896 ἢ·
408 809 490 896 παρὰ
510 815 654 898 Κρατερῷ
673 817 730 894 τῆς
748 816 929 886 πολυτελοῦς
951 809 1097 894 τραπέζης
1118 805 1293 876 οίποίαιίειν.
1316 811 1351 870 id

143 908 205 976 est,
228 899 324 975 Melo,
345 899 459 980 inquit,
481 897 607 958 Athenis
623 899 715 959 selem
729 898 853 978 lingere,
876 917 968 978 quem
981 897 1063 978 spud
1076 897 1232 956 Gruterum
1245 917 1350 958 mensu

84 976 90 992 ⁴
143 994 298 1045 sumtuose
313 987 440 1066 perfrui.
465 991 496 1045 et
513 983 590 1044 iilud
607 983 773 1044 Plautinum
796 1003 835 1044 ex
853 982 1003 1058 Rudente,
1026 982 1081 1062 [1'v,
1096 988 1127 1059 2,
1141 981 1205 1062 82]
1224 979 1285 1044 Sed
1298 981 1350 1043 ίιίο

112 1114 116 1130 .
143 1091 200 1132 rex
222 1091 291 1132 aum
304 1085 388 1132 aceto
401 1091 565 1154 pransurus
578 1081 620 1130 est
640 1083 668 1130 et
682 1063 746 1130 isle
765 1070 828 1130 sine
841 1067 918 1130 hono
931 1065 1094 1150 pulmento.

233 1147 449 1223 i6..Gur1uo
472 1153 698 1235 Seremus]
722 1155 875 1235 cupiditas
895 1153 1035 1230 sordide,
1057 1155 1168 1231 idest,
1189 1171 1274 1212 emor
1295 1169 1351 1213 seu

107 1294 111 1302 .
144 1239 301 1320 Cupiditas
325 1239 488 1322 pecuniae,
518 1259 595 1320 quoe
614 1239 818 1303 isrlromiuem
847 1257 921 1300 vere
943 1237 1042 1318 magni
1069 1247 1100 1299 et
1124 1233 1351 1302 excelsissimi

144 1327 250 1386 cudere
265 1346 325 1385 uon
341 1325 429 1386 solet.
473 1327 512 1386 Et
536 1325 754 1388 animadvertet
776 1325 949 1386 adolescens
969 1324 1077 1388 hornae
1098 1324 1268 1384 litterarum
1282 1332 1351 1382 stu-

143 1409 272 1488 diosus,-
286 1405 441 1492 Cupidinis
456 1430 566 1471 nomeu
580 1413 667 1472 etiem
684 1419 741 1492 pr'o'
757 1411 921 1492 cupiditate
942 1409 1023 1491 apud
1038 1407 1121 1483 hunc
1138 1413 1255 1488 poitsm
1270 1427 1352 1468 sem-

143 1515 199 1578 per
213 1515 278 1556 esse
292 1496 409 1574 generis
424 1497 599 1572 masculini,
618 1507 654 1556 ut
668 1498 726 1558 Od.
740 1517 804 1558 xrs.
820 1497 871 1556 lib.
884 1503 914 1562 3.
931 1495 972 1578 [ν.
985 1493 1049 1574 39.]
1074 1491 1233 1556 Contracta
1245 1489 1351 1554 melius
1435 1571 1436 1578 ρ

141 1601 238 1662 parua
254 1575 398 1662 Cupidine
413 1579 584 1664 Vectigalia
598 1585 762 1664 porrigam.
787 1591 818 1643 et
834 1581 922 1662 epist.
939 1589 966 1648 1.
981 1581 1078 1652 libst.
1103 1580 1145 1660 [v.
1161 1582 1223 1658 83]
1248 1575 1352 1638 Fervet

143 1665 271 1726 auaritia
294 1667 456 1748 miseroque
480 1665 625 1748 Cupidine
646 1667 761 1749 pectus.¹
781 1677 811 1726 et
829 1669 927 1745 Satyr.
950 1672 979 1732 1.
1001 1665 1054 1728 lib.
1080 1671 1107 1730 i.
1138 1664 1178 1742 [v.
1201 1664 1265 1742 61.]
1303 1663 1352 1723 As

144 1747 223 1813 dono
235 1769 308 1832 pons
321 1749 471 1812 bantinum
485 1749 604 1834 decepto
620 1749 764 1832 Cupidine
769 1749 871 1835 falsa.
896 1761 927 1812 et
942 1749 1000 1812 Od.
1009 1771 1096 1812 mv·
1110 1751 1163 1810 lib.
1181 1754 1210 1815 8-
1227 1746 1271 1831 [v.
1284 1747 1351 1827 51.]

142 1831 303 1894 Eradenda
328 1829 482 1916 Cupidinis
502 1835 594 1896 Piooi
614 1851 682 1896 suns
702 1834 850 1896 elenrensa.
897 1837 991 1916 Atque
1014 1835 1106 1916 haec,
1129 1835 1267 1915 quemvis
1289 1854 1353 1896 uon

135 1919 187 1978 ‘its
200 1919 301 1998 mrgni
317 1920 480 2002 ponderis‚'
500 1921 641 2000 quidem,
665 1941 733 1980 cum
759 1920 887 1996 scirent,
911 1943 928 1982 s
948 1941 995 1982 me
1016 1941 1081 1980 esse
1100 1930 1266 2000 occupate,
1291 1918 1353 1978 sibi

142 2003 334 2066 iniustissime
356 2017 549 2084 arrogarent:
578 2027 675 2086 neque
703 2016 804 2067 temen
824 2007 983 2083 viderunt,
1012 2005 1065 2066 hio
1088 2001 1265 2085 Cupidinem'
1285 2023 1353 2066 esse

104 2143 112 2156 ,
144 2089 199 2150 Dei
212 2111 330 2152 nomen.
372 2091 492 2172 Cupido
507 2095 584 2152 enim
601 2093 733 2153 omnium
750 2111 850 2154 rerum
871 2092 982 2152 umoris
996 2101 1027 2153 et
1048 2089 1224 2173 cupiditatis
1242 2100 1354 2152 auctor

144 2183 191 2237 est
204 2169 414 2250 medulicae.
1115 2243 1122 2251 ,

230 2267 280 2326 17.
303 2261 403 2335 Qosu
424 2277 537 2319 resve
559 2278 707 2318 rosires
729 2260 809 2343 etc]
831 2261 939 2340 idest,
961 2261 1119 2341 quidum,
1143 2260 1196 2340 qui
1212 2261 1355 2322 odbrsve

142 2341 260 2416 tenipus
275 2345 434 2416 floremus,
455 2345 591 2404 velemus
607 2355 636 2404 et
651 2345 798 2422 vivimus,
819 2348 914 2407 mults
930 2347 1019 2405 uobis
1035 2347 1250 2426 proponimus,
1272 2346 1355 2404 mul-

142 2429 234 2500 tuque
250 2423 476 2487 desideremus?
496 2425 680 2504 ioculamur,
701 2429 815 2510 idest,
838 2433 923 2510 qussi
936 2419 1096 2490 inculundo
1117 2432 1267 2511 petimus,
1289 2429 1353 2503 de-

143 2507 308 2569 stinamus:
324 2517 354 2570 et
370 2521 417 2571 est
431 2513 587 2572 tremissia
603 2536 620 2572 s
635 2515 805 2591 sagittariis.
828 2509 1040 2596 στοχαζόμεθα.
1083 2515 1137 2576 llis
1153 2525 1251 2574 sutem
1273 2513 1355 2574 breui

10 2673 15 2682 .
142 2611 214 2651 aeuo
226 2590 323 2674 fortes
345 2597 505 2655 coniuncte
522 2606 593 2655 eunt
607 2597 753 2675 legende,
774 2597 882 2674 idest,
904 2594 1102 2682 ὀλιγοχρόνιοι
1120 2611 1149 2670 ot
1167 2599 1214 2682 (ut
1227 2599 1354 2659 Homeri

144 2675 237 2736 sorbo
249 2671 332 2762 uter)
346 2676 555 2758 μινυνθάδιοι,
576 2681 609 2740 id
623 2691 686 2762 est,
707 2683 808 2748 brevis
822 2679 910 2762 vitae,
927 2705 981 2745 seu
995 2685 1084 2746 brevi
1093 2693 1234 2766 tempore
1251 2685 1354 2744 mori-

143 2762 224 2840 turi,
246 2761 387 2840 exiguum
404 2773 523 2846 tempus
536 2766 657 2829 victuri.

144 2850 147 2858 '
228 2847 280 2912 res
300 2847 399 2921 Qasr>
421 2869 526 2914 rsus.
546 2835 636 2912 sesso
659 2831 887 2934 cresson]
911 2854 985 2934 quid
1003 2852 1222 2936 proficiscimur
1236 2855 1267 2916 in
1282 2863 1354 2916 ter·

142 2951 192 2993 res
218 2931 399 3012 longinquos
422 2943 452 2994 et
471 2939 643 3016 peregrines
662 2939 761 3018 putris
787 2939 915 3000 relicto?
943 2959 1004 2998 non
1028 2939 1171 3002 dissimile
1199 2951 1246 3002 est
1272 2941 1355 3002 illud

142 3015 265 3078 Pindari
280 3025 356 3080 ποθ.
374 3019 428 3082 sto.
442 3016 477 3101 γ’.
500 3021 546 3102 [v.
571 3023 639 3104 36]
660 3021 748 3088 ’Ἐστι
771 3023 805 3089 di
827 3029 928 3104 φῦλον
952 3024 987 3088 ἐν
1009 3018 1204 3108 οἷνθροίποισι
1230 3023 1354 3106 ματαιό-

142 3097 372 3180 ιαιον,”οοιις,
402 3099 556 3191 αἰσχύναν
585 3103 747 3190 ίπιχοίρια,
774 3111 938 3174 παπταίνει
960 3105 997 3171 τοί
1018 3105 1136 3192 πόρσω,
1160 3105 1355 3191 Μειαμοίνια

142 3183 289 3270 θηρεύων
303 3181 465 3268 ‹inprimu-
480 3191 606 3256 ἐλπίσιν.
649 3195 684 3254 Id
699 3203 762 3270 est,
788 3197 891 3255 Genus
906 3203 951 3254 est
966 3193 1121 3258 hominum
1143 3197 1352 3272 vanissimum,

144 3271 226 3352 quod
241 3272 410 3354 despiciens
432 3275 598 3354 domesticu
614 3289 644 3340 et
666 3281 766 3359 patria
785 3281 947 3359 longinque
966 3276 1172 3360 circumspicit
1195 3292 1226 3344 et
1246 3303 1355 3362 perse-

143 3357 264 3438 quitur,
285 3377 334 3418 res
348 3361 462 3421 inaneis
477 3363 576 3423 ssilsci
599 3385 652 3444 spe
670 3373 802 3444 captans.
847 3366 907 3425 Sed
920 3365 1025 3442 Vir-gil.
1043 3365 1151 3446 Georg.
1166 3373 1196 3432 2.
1214 3367 1352 3449 [u.5tl.]

142 3443 236 3522 megin
251 3443 381 3522 adrem,
404 3443 591 3532 Rosulioque
604 3445 708 3508 domos
723 3463 750 3509 et
767 3447 871 3511 dulcio
892 3447 998 3510 limina
1011 3463 1143 3528 rnutant,
1163 3450 1267 3536 Atque
1287 3451 1354 3514 olio

141 3529 271 3608 ponium
287 3545 431 3612 quaerunt
449 3529 503 3591 sub
521 3529 584 3592 sols
600 3535 752 3598 iacentem.
792 3532 870 3596 Alio
886 3531 963 3612 sols,
986 3535 1117 3598 cormiae
1138 3538 1287 3598 saeculari
1311 3539 1353 3599 ud

143 3613 223 3674 Deos
232 3657 240 3687 ‚
264 3612 385 3695 [v.10.]
407 3613 542 3699 aliusque
555 3631 582 3678 st
598 3615 676 3678 idern
694 3621 834 3680 nasceris.
1157 3663 1166 3670 -

230 3701 279 3763 19.
301 3699 478 3760 Persius
501 3721 595 3770 oues
618 3723 744 3764 exeas
765 3701 846 3786 etc]
868 3701 985 3764 sibero
1000 3703 1115 3766 Graece
1131 3705 1351 3787 exprimentur,

143 3781 236 3888 magis
261 3793 405 3886 appareat
429 3785 521 3890 totips
544 3788 709 3848 sententies
732 3797 891 3865 venustos,
917 3787 976 3848 hoc
1003 3789 1123 3893 modo„
1141 3793 1187 3866 τίς
1206 3794 1353 3872 πατρίδος
1436 3787 1437 3790 “

143 3865 895 4037 tttttsstiifiittitttf·sitit,‘itit
910 3875 1352 4050 Gft‘qttttffiztttttflt
1435 3929 1436 3932 ‘

143 4037 216 4098 siem
229 4037 447 4116 lingueLetins
464 4040 576 4100 imitosi
588 4061 650 4102 non
667 4050 778 4123 potest
803 4041 858 4104 sed
874 4045 900 4104 is
920 4053 1037 4120 temen,
1060 4045 1113 4125 qui
1130 4043 1244 4108 Graece
1264 4049 1352 4126 sciet,

143 4121 232 4186 iscils
246 4143 310 4182 esm
332 4131 481 4200 agnoscet.
523 4125 587 4186 lesu
602 4125 735 4187 exsulem
751 4147 770 4188 e
785 4125 851 4189 solo
868 4130 985 4190 Nonius
1006 4130 1047 4190 sit
1066 4151 1131 4191 esse
1151 4135 1351 4211 nosuiostam,

143 4215 178 4265 ut
190 4221 337 4268 eaesorrern
352 4227 369 4266 s
385 4221 478 4284 ursa,
499 4210 702 4273 undemirum
717 4223 779 4290 est,
803 4213 843 4274 eb
861 4213 968 4276 exsule
989 4216 1082 4295 vulgo
1105 4215 1263 4302 exsilium,
1289 4239 1353 4280 non

142 4289 292 4352 exsuliusn
316 4291 386 4352 diri.
429 4293 515 4354 Hono
542 4297 717 4358 sententium
739 4307 840 4362 sutem
866 4300 988 4380 copiose
1010 4303 1204 4382 persequitur
1227 4304 1351 4368 Lucret.

142 4375 193 4433 lib·
206 4382 238 4442 8·
260 4382 300 4450 [v.
316 4382 397 4444 1073
414 4384 491 4460 sqq.]
512 4381 544 4440 iu
558 4391 706 4458 extremo,
728 4381 805 4444 Eris
820 4401 907 4466 saepe
911 4383 1007 4472 soros
1026 4387 1144 4468 magnis
1165 4409 1207 4448 ex
1226 4385 1352 4450 aedibus

142 4455 210 4531 iile,
232 4456 303 4520 Esse
316 4459 399 4523 dorni
416 4487 501 4546 quern
520 4481 685 4547 pertaesum
706 4483 766 4543 est,
786 4466 940 4554 subitaque
961 4471 1100 4530 reuertit:
1134 4467 1194 4550 Qui
1212 4495 1249 4554 pe
1266 4473 1352 4556 foris

143 4539 238 4616 nitito
252 4541 356 4606 melisss
368 4550 420 4629 qui
432 4551 539 4610 seniiat
553 4573 633 4612 esses
655 4547 754 4614 Currit
766 4567 858 4634 agens
871 4575 995 4622 mannos
1010 4551 1053 4616 ad
1066 4551 1173 4616 uillam
1191 4495 1242 4618 dic
1253 4579 1352 4639 prae-
