<?xml version="1.0" encoding="UTF-8"?>
<!DOCTYPE html PUBLIC "-//W3C//DTD XHTML 1.0 Transitional//EN"
    "http://www.w3.org/TR/xhtml1/DTD/xhtml1-transitional.dtd">
<html xmlns="http://www.w3.org/1999/xhtml" xml:lang="en" lang="en">
 <head>
  <title>
</title>
<meta http-equiv="Content-Type" content="text/html;charset=utf-8" />
  <meta name='ocr-system' content='tesseract 3.04.00' />
  <meta name='ocr-capabilities' content='ocr_page ocr_carea ocr_par ocr_line ocrx_word'/>
</head>
<body>
  <div class='ocr_page' id='page_1' title='image "./inqhoratiumflac00lambgoog_0262.png"; bbox 0 0 2894 5052; ppageno 0'>
   <div class='ocr_carea' id='block_1_1' title="bbox 15 2163 1206 2252">
    <p class='ocr_par' dir='ltr' id='par_1_1' title="bbox 15 2163 1206 2252">
     <span class='ocr_line' id='line_1_1' title="bbox 15 2163 1206 2252; baseline -0.006 -23"><span class='ocrx_word' id='word_1_1' title='bbox 15 2175 16 2220; x_wconf 65' lang='grc' dir='ltr'><strong>Ῡ</strong></span> <span class='ocrx_word' id='word_1_2' title='bbox 114 2171 202 2228; x_wconf 85' lang='lat' dir='ltr'><strong>Catil.</strong></span> <span class='ocrx_word' id='word_1_3' title='bbox 220 2176 249 2234; x_wconf 82' lang='grc'><strong>4.</strong></span> <span class='ocrx_word' id='word_1_4' title='bbox 271 2169 314 2252; x_wconf 57' lang='grc'><strong>[5.</strong></span> <span class='ocrx_word' id='word_1_5' title='bbox 331 2169 374 2252; x_wconf 88' lang='grc'><strong>7.]</strong></span> <span class='ocrx_word' id='word_1_6' title='bbox 396 2193 476 2232; x_wconf 84' lang='lat' dir='ltr'><strong>mors</strong></span> <span class='ocrx_word' id='word_1_7' title='bbox 499 2185 541 2232; x_wconf 81' lang='lat' dir='ltr'><strong>est</strong></span> <span class='ocrx_word' id='word_1_8' title='bbox 556 2183 608 2229; x_wconf 75' lang='lat' dir='ltr'><strong>aaa</strong></span> <span class='ocrx_word' id='word_1_9' title='bbox 624 2169 781 2228; x_wconf 81' lang='lat' dir='ltr'><strong>necessitas</strong></span> <span class='ocrx_word' id='word_1_10' title='bbox 803 2179 926 2226; x_wconf 74' lang='lat' dir='ltr'><strong>maurae</strong></span> <span class='ocrx_word' id='word_1_11' title='bbox 946 2177 999 2222; x_wconf 81' lang='lat' dir='ltr'><strong>out</strong></span> <span class='ocrx_word' id='word_1_12' title='bbox 1023 2163 1206 2222; x_wconf 84' lang='lat' dir='ltr'><strong>miseriarum</strong></span> 
     </span>
    </p>
   </div>
   <div class='ocr_carea' id='block_1_2' title="bbox 369 97 618 166">
    <p class='ocr_par' dir='ltr' id='par_1_2' title="bbox 369 97 618 166">
     <span class='ocr_line' id='line_1_2' title="bbox 369 97 618 166; baseline -0.024 -3"><span class='ocrx_word' id='word_1_13' title='bbox 369 97 618 166; x_wconf 58' lang='lat' dir='ltr'><strong>lt.</strong></span> 
     </span>
    </p>
   </div>
   <div class='ocr_carea' id='block_1_3' title="bbox 141 233 1411 391">
    <p class='ocr_par' dir='ltr' id='par_1_3' title="bbox 141 233 1411 391">
     <span class='ocr_line' id='line_1_3' title="bbox 141 233 1411 391; baseline 0.008 -39"><span class='ocrx_word' id='word_1_14' title='bbox 141 259 166 330; x_wconf 81' lang='lat'><strong>&#39;.</strong></span> <span class='ocrx_word' id='word_1_15' title='bbox 185 291 272 361; x_wconf 75' lang='lat' dir='ltr'><strong>uro.</strong></span> <span class='ocrx_word' id='word_1_16' title='bbox 292 289 330 353; x_wconf 84' lang='lat' dir='ltr'><strong>u</strong></span> <span class='ocrx_word' id='word_1_17' title='bbox 370 291 439 356; x_wconf 86' lang='lat' dir='ltr'><strong>oo.</strong></span> <span class='ocrx_word' id='word_1_18' title='bbox 462 289 570 355; x_wconf 77' lang='lat' dir='ltr'><strong>xuni.</strong></span> <span class='ocrx_word' id='word_1_19' title='bbox 605 245 637 355; x_wconf 65' lang='lat' dir='ltr'><strong>a.</strong></span> <span class='ocrx_word' id='word_1_20' title='bbox 660 237 810 360; x_wconf 51' lang='lat' dir='ltr'><strong>aa‘ss-so.</strong></span> <span class='ocrx_word' id='word_1_21' title='bbox 839 289 915 388; x_wconf 91' lang='lat' dir='ltr'><strong>oo.</strong></span> <span class='ocrx_word' id='word_1_22' title='bbox 936 291 1020 391; x_wconf 72' lang='lat' dir='ltr'><strong>nix.</strong></span> <span class='ocrx_word' id='word_1_23' title='bbox 1052 309 1083 352; x_wconf 77' lang='lat' dir='ltr'><strong>v.</strong></span> <span class='ocrx_word' id='word_1_24' title='bbox 1107 294 1209 358; x_wconf 85' lang='lat'><strong>1-4.</strong></span> <span class='ocrx_word' id='word_1_25' title='bbox 1230 255 1313 382; x_wconf 71' lang='lat' dir='ltr'><strong>&#39;aar</strong></span> <span class='ocrx_word' id='word_1_26' title='bbox 1408 233 1411 240; x_wconf 16' lang='grc' dir='ltr'>ι</span> 
     </span>
    </p>
   </div>
   <div class='ocr_carea' id='block_1_4' title="bbox 109 458 1432 2402">
    <p class='ocr_par' dir='ltr' id='par_1_4' title="bbox 110 458 1333 800">
     <span class='ocr_line' id='line_1_4' title="bbox 111 458 1313 542; baseline 0.002 -22"><span class='ocrx_word' id='word_1_27' title='bbox 111 462 210 538; x_wconf 77' lang='lat' dir='ltr'><strong>cavit,</strong></span> <span class='ocrx_word' id='word_1_28' title='bbox 245 481 335 542; x_wconf 82' lang='lat' dir='ltr'><strong>qaam</strong></span> <span class='ocrx_word' id='word_1_29' title='bbox 358 461 495 526; x_wconf 84' lang='lat' dir='ltr'><strong>residens</strong></span> <span class='ocrx_word' id='word_1_30' title='bbox 521 461 551 523; x_wconf 83' lang='lat' dir='ltr'><strong>in</strong></span> <span class='ocrx_word' id='word_1_31' title='bbox 574 469 677 524; x_wconf 88' lang='lat' dir='ltr'><strong>monte</strong></span> <span class='ocrx_word' id='word_1_32' title='bbox 704 463 866 539; x_wconf 80' lang='lat' dir='ltr'><strong>altissimo,</strong></span> <span class='ocrx_word' id='word_1_33' title='bbox 901 461 1052 536; x_wconf 86' lang='lat' dir='ltr'><strong>Csaosso,</strong></span> <span class='ocrx_word' id='word_1_34' title='bbox 1081 481 1189 542; x_wconf 76' lang='lat' dir='ltr'><strong>magam</strong></span> <span class='ocrx_word' id='word_1_35' title='bbox 1212 458 1313 526; x_wconf 80' lang='lat' dir='ltr'><strong>studia</strong></span> 
     </span>
     <span class='ocr_line' id='line_1_5' title="bbox 111 541 1313 628; baseline 0.002 -22"><span class='ocrx_word' id='word_1_36' title='bbox 111 567 278 626; x_wconf 78' lang='lat' dir='ltr'><strong>magnaque</strong></span> <span class='ocrx_word' id='word_1_37' title='bbox 299 567 372 608; x_wconf 82' lang='lat' dir='ltr'><strong>oure</strong></span> <span class='ocrx_word' id='word_1_38' title='bbox 394 558 424 608; x_wconf 89' lang='lat' dir='ltr'><strong>st</strong></span> <span class='ocrx_word' id='word_1_39' title='bbox 450 547 657 610; x_wconf 85' lang='lat' dir='ltr'><strong>sollicitudine·</strong></span> <span class='ocrx_word' id='word_1_40' title='bbox 676 541 882 628; x_wconf 77' lang='lat' dir='ltr'>deprehendit.</span> <span class='ocrx_word' id='word_1_41' title='bbox 924 547 1128 628; x_wconf 85' lang='lat' dir='ltr'><strong>Deprehendit</strong></span> <span class='ocrx_word' id='word_1_42' title='bbox 1154 559 1184 610; x_wconf 88' lang='lat' dir='ltr'><strong>et</strong></span> <span class='ocrx_word' id='word_1_43' title='bbox 1205 549 1313 626; x_wconf 80' lang='lat' dir='ltr'><strong>fulmi-</strong></span> 
     </span>
     <span class='ocr_line' id='line_1_6' title="bbox 110 631 1333 716; baseline 0.002 -24"><span class='ocrx_word' id='word_1_44' title='bbox 110 654 185 692; x_wconf 87' lang='lat' dir='ltr'><strong>num</strong></span> <span class='ocrx_word' id='word_1_45' title='bbox 202 633 348 694; x_wconf 75' lang='lat' dir='ltr'><strong>nationem</strong></span> <span class='ocrx_word' id='word_1_46' title='bbox 378 631 610 714; x_wconf 67' lang='lat' dir='ltr'>hominibusque</span> <span class='ocrx_word' id='word_1_47' title='bbox 631 635 767 712; x_wconf 86' lang='lat' dir='ltr'><strong>apernit,</strong></span> <span class='ocrx_word' id='word_1_48' title='bbox 795 633 877 694; x_wconf 85' lang='lat' dir='ltr'><strong>unde</strong></span> <span class='ocrx_word' id='word_1_49' title='bbox 896 631 994 716; x_wconf 80' lang='lat' dir='ltr'><strong>ignem</strong></span> <span class='ocrx_word' id='word_1_50' title='bbox 1018 633 1175 698; x_wconf 72' lang='lat' dir='ltr'><strong>cadentem</strong></span> <span class='ocrx_word' id='word_1_51' title='bbox 1196 635 1333 710; x_wconf 78' lang='lat' dir='ltr'><strong>iuratus&#39;</strong></span> 
     </span>
     <span class='ocr_line' id='line_1_7' title="bbox 112 717 1213 800; baseline -0.002 -20"><span class='ocrx_word' id='word_1_52' title='bbox 112 739 179 780; x_wconf 78' lang='lat' dir='ltr'><strong>ease</strong></span> <span class='ocrx_word' id='word_1_53' title='bbox 195 719 316 780; x_wconf 73' lang='lat' dir='ltr'><strong>elicitur.</strong></span> <span class='ocrx_word' id='word_1_54' title='bbox 340 720 379 782; x_wconf 87' lang='lat' dir='ltr'><strong>da</strong></span> <span class='ocrx_word' id='word_1_55' title='bbox 396 721 462 780; x_wconf 78' lang='lat' dir='ltr'><strong>eorl.</strong></span> <span class='ocrx_word' id='word_1_56' title='bbox 478 719 568 800; x_wconf 86' lang='lat' dir='ltr'><strong>plura</strong></span> <span class='ocrx_word' id='word_1_57' title='bbox 587 718 625 778; x_wconf 87' lang='lat' dir='ltr'><strong>ad</strong></span> <span class='ocrx_word' id='word_1_58' title='bbox 639 717 699 781; x_wconf 83' lang='lat' dir='ltr'><strong>od.</strong></span> <span class='ocrx_word' id='word_1_59' title='bbox 713 739 759 781; x_wconf 88' lang='lat' dir='ltr'><strong>ur.</strong></span> <span class='ocrx_word' id='word_1_60' title='bbox 773 719 829 780; x_wconf 90' lang='lat' dir='ltr'><strong>lib.</strong></span> <span class='ocrx_word' id='word_1_61' title='bbox 847 726 875 784; x_wconf 84' lang='lat'><strong>1.</strong></span> <span class='ocrx_word' id='word_1_62' title='bbox 1209 735 1213 744; x_wconf 78' lang='grc'><em>“</em></span> 
     </span>
    </p>

    <p class='ocr_par' dir='ltr' id='par_1_5' title="bbox 109 803 1389 1142">
     <span class='ocr_line' id='line_1_8' title="bbox 198 803 1389 884; baseline 0 -20"><span class='ocrx_word' id='word_1_63' title='bbox 198 809 256 870; x_wconf 77' lang='grc'><strong>86..</strong></span> <span class='ocrx_word' id='word_1_64' title='bbox 272 807 378 866; x_wconf 83' lang='lat' dir='ltr'><strong>Anao</strong></span> <span class='ocrx_word' id='word_1_65' title='bbox 402 805 565 882; x_wconf 77' lang='lat' dir='ltr'><strong>carrus]</strong></span> <span class='ocrx_word' id='word_1_66' title='bbox 587 825 643 866; x_wconf 84' lang='lat' dir='ltr'><strong>naa</strong></span> <span class='ocrx_word' id='word_1_67' title='bbox 657 805 756 866; x_wconf 88' lang='lat' dir='ltr'><strong>Orcus</strong></span> <span class='ocrx_word' id='word_1_68' title='bbox 774 804 840 884; x_wconf 82' lang='lat' dir='ltr'><strong>ipae</strong></span> <span class='ocrx_word' id='word_1_69' title='bbox 860 823 935 864; x_wconf 87' lang='lat' dir='ltr'><strong>suro</strong></span> <span class='ocrx_word' id='word_1_70' title='bbox 953 803 1088 884; x_wconf 78' lang='lat' dir='ltr'><strong>espimr,</strong></span> <span class='ocrx_word' id='word_1_71' title='bbox 1110 813 1147 864; x_wconf 91' lang='lat' dir='ltr'><strong>nt</strong></span> <span class='ocrx_word' id='word_1_72' title='bbox 1169 803 1255 884; x_wconf 88' lang='lat' dir='ltr'><strong>epist.</strong></span> <span class='ocrx_word' id='word_1_73' title='bbox 1274 803 1315 864; x_wconf 82' lang='lat' dir='ltr'><strong>ad</strong></span> <span class='ocrx_word' id='word_1_74' title='bbox 1386 845 1389 856; x_wconf 72' lang='grc'><strong>«</strong></span> 
     </span>
     <span class='ocr_line' id='line_1_9' title="bbox 112 885 1318 970; baseline 0 -20"><span class='ocrx_word' id='word_1_75' title='bbox 112 889 171 950; x_wconf 86' lang='lat' dir='ltr'><strong>lul.</strong></span> <span class='ocrx_word' id='word_1_76' title='bbox 195 889 235 948; x_wconf 67' lang='grc' dir='ltr'><strong>ΡΙ.</strong></span> <span class='ocrx_word' id='word_1_77' title='bbox 249 889 304 950; x_wconf 89' lang='lat' dir='ltr'><strong>lib.</strong></span> <span class='ocrx_word' id='word_1_78' title='bbox 319 895 350 955; x_wconf 78' lang='lat'><strong>2.</strong></span> <span class='ocrx_word' id='word_1_79' title='bbox 374 889 517 970; x_wconf 76' lang='lat'><strong>[2,178.]</strong></span> <span class='ocrx_word' id='word_1_80' title='bbox 539 891 663 950; x_wconf 72' lang='lat' dir='ltr'><strong>aimerii</strong></span> <span class='ocrx_word' id='word_1_81' title='bbox 682 887 777 950; x_wconf 83' lang='lat' dir='ltr'><strong>Orcus</strong></span> <span class='ocrx_word' id='word_1_82' title='bbox 795 885 931 949; x_wconf 76' lang='lat' dir='ltr'><strong><em>Grandia</em></strong></span> <span class='ocrx_word' id='word_1_83' title='bbox 951 911 1017 950; x_wconf 84' lang='lat' dir='ltr'><strong>oum</strong></span> <span class='ocrx_word' id='word_1_84' title='bbox 1037 891 1139 970; x_wconf 73' lang='lat' dir='ltr'><strong>parnis</strong></span> <span class='ocrx_word' id='word_1_85' title='bbox 1159 911 1218 948; x_wconf 91' lang='lat' dir='ltr'><strong>non</strong></span> <span class='ocrx_word' id='word_1_86' title='bbox 1238 904 1318 950; x_wconf 71' lang='lat' dir='ltr'><strong>exo·</strong></span> 
     </span>
     <span class='ocr_line' id='line_1_10' title="bbox 111 971 1315 1058; baseline 0.002 -26"><span class='ocrx_word' id='word_1_87' title='bbox 111 971 338 1058; x_wconf 62' lang='lat' dir='ltr'><strong>nobiliacum?</strong></span> <span class='ocrx_word' id='word_1_88' title='bbox 358 975 429 1036; x_wconf 82' lang='lat' dir='ltr'><strong>ride</strong></span> <span class='ocrx_word' id='word_1_89' title='bbox 445 985 548 1040; x_wconf 89' lang='lat' dir='ltr'><strong>annot.</strong></span> <span class='ocrx_word' id='word_1_90' title='bbox 565 976 603 1036; x_wconf 88' lang='lat' dir='ltr'><strong>sd</strong></span> <span class='ocrx_word' id='word_1_91' title='bbox 620 974 676 1036; x_wconf 80' lang='lat' dir='ltr'><strong>oa.</strong></span> <span class='ocrx_word' id='word_1_92' title='bbox 690 995 754 1037; x_wconf 79' lang='lat' dir='ltr'><strong>xer.</strong></span> <span class='ocrx_word' id='word_1_93' title='bbox 770 973 861 1036; x_wconf 84' lang='lat' dir='ltr'><strong>huius</strong></span> <span class='ocrx_word' id='word_1_94' title='bbox 876 972 929 1038; x_wconf 91' lang='lat' dir='ltr'><strong>lib.</strong></span> <span class='ocrx_word' id='word_1_95' title='bbox 953 971 1023 1036; x_wconf 88' lang='lat' dir='ltr'><strong>Non</strong></span> <span class='ocrx_word' id='word_1_96' title='bbox 1038 975 1065 1034; x_wconf 86' lang='lat' dir='ltr'><strong>si</strong></span> <span class='ocrx_word' id='word_1_97' title='bbox 1079 974 1200 1035; x_wconf 77' lang='lat' dir='ltr'><strong>trecenis</strong></span> <span class='ocrx_word' id='word_1_98' title='bbox 1220 987 1315 1058; x_wconf 78' lang='lat' dir='ltr'><strong>quat·</strong></span> 
     </span>
     <span class='ocr_line' id='line_1_11' title="bbox 109 1057 1030 1142; baseline 0.013 -27"><span class='ocrx_word' id='word_1_99' title='bbox 109 1073 186 1142; x_wconf 72' lang='lat' dir='ltr'><strong>&#39;quar</strong></span> <span class='ocrx_word' id='word_1_100' title='bbox 196 1057 339 1120; x_wconf 69' lang='lat' dir='ltr'><strong>annidies</strong></span> <span class='ocrx_word' id='word_1_101' title='bbox 353 1069 409 1121; x_wconf 87' lang='lat' dir='ltr'><strong>atc.</strong></span> <span class='ocrx_word' id='word_1_102' title='bbox 1026 1111 1030 1118; x_wconf 79' lang='lat'><em>-</em></span> 
     </span>
    </p>

    <p class='ocr_par' dir='ltr' id='par_1_6' title="bbox 110 1137 1392 1543">
     <span class='ocr_line' id='line_1_12' title="bbox 199 1137 1316 1226; baseline -0.005 -16"><span class='ocrx_word' id='word_1_103' title='bbox 199 1147 255 1211; x_wconf 82' lang='lat'><strong>37..</strong></span> <span class='ocrx_word' id='word_1_104' title='bbox 271 1145 503 1226; x_wconf 66' lang='lat' dir='ltr'><strong>Tauriana]</strong></span> <span class='ocrx_word' id='word_1_105' title='bbox 525 1146 623 1224; x_wconf 79' lang='lat' dir='ltr'><strong>Ulyss.</strong></span> <span class='ocrx_word' id='word_1_106' title='bbox 642 1138 745 1208; x_wconf 80' lang='grc' dir='ltr'><strong>ὄδυσσ.</strong></span> <span class='ocrx_word' id='word_1_107' title='bbox 765 1137 801 1206; x_wconf 79' lang='lat' dir='ltr'><strong>t&#39;.</strong></span> <span class='ocrx_word' id='word_1_108' title='bbox 818 1153 921 1218; x_wconf 80' lang='lat' dir='ltr'><strong>namet</strong></span> <span class='ocrx_word' id='word_1_109' title='bbox 941 1139 1087 1220; x_wconf 75' lang='lat' dir='ltr'><strong>Alcinoo,</strong></span> <span class='ocrx_word' id='word_1_110' title='bbox 1103 1147 1141 1202; x_wconf 80' lang='lat' dir='ltr'><strong>&#39;se</strong></span> <span class='ocrx_word' id='word_1_111' title='bbox 1156 1143 1316 1204; x_wconf 77' lang='lat' dir='ltr'><strong>Tantalum</strong></span> 
     </span>
     <span class='ocr_line' id='line_1_13' title="bbox 110 1227 1354 1314; baseline 0.002 -27"><span class='ocrx_word' id='word_1_112' title='bbox 110 1228 228 1294; x_wconf 73' lang='lat' dir='ltr'><strong>vidisse</strong></span> <span class='ocrx_word' id='word_1_113' title='bbox 241 1232 322 1310; x_wconf 81' lang='lat' dir='ltr'><strong>apud</strong></span> <span class='ocrx_word' id='word_1_114' title='bbox 339 1231 452 1292; x_wconf 87' lang='lat' dir='ltr'><strong>iuleros</strong></span> <span class='ocrx_word' id='word_1_115' title='bbox 466 1234 503 1292; x_wconf 83' lang='lat' dir='ltr'><strong>iis</strong></span> <span class='ocrx_word' id='word_1_116' title='bbox 528 1230 633 1311; x_wconf 85' lang='lat' dir='ltr'><strong>poenis</strong></span> <span class='ocrx_word' id='word_1_117' title='bbox 648 1230 807 1311; x_wconf 83' lang='lat' dir='ltr'><strong>affectum,</strong></span> <span class='ocrx_word' id='word_1_118' title='bbox 831 1229 941 1308; x_wconf 88' lang='lat' dir='ltr'><strong>quibua</strong></span> <span class='ocrx_word' id='word_1_119' title='bbox 965 1227 1079 1288; x_wconf 86' lang='lat' dir='ltr'><strong>omneis</strong></span> <span class='ocrx_word' id='word_1_120' title='bbox 1100 1247 1207 1314; x_wconf 73' lang='lat' dir='ltr'><strong>sparos</strong></span> <span class='ocrx_word' id='word_1_121' title='bbox 1223 1229 1315 1308; x_wconf 82' lang='lat' dir='ltr'><strong>plecti</strong></span> <span class='ocrx_word' id='word_1_122' title='bbox 1344 1277 1354 1298; x_wconf 79' lang='lat'><strong>.</strong></span> 
     </span>
     <span class='ocr_line' id='line_1_14' title="bbox 112 1313 1310 1396; baseline 0 -22"><span class='ocrx_word' id='word_1_123' title='bbox 112 1313 219 1374; x_wconf 79' lang='lat' dir='ltr'><strong>scribit</strong></span> <span class='ocrx_word' id='word_1_124' title='bbox 233 1315 337 1379; x_wconf 82' lang='lat' dir='ltr'><strong>llorat.</strong></span> <span class='ocrx_word' id='word_1_125' title='bbox 352 1319 450 1396; x_wconf 81' lang='lat' dir='ltr'><strong>Satyr.</strong></span> <span class='ocrx_word' id='word_1_126' title='bbox 466 1325 493 1384; x_wconf 86' lang='lat'><strong>1.</strong></span> <span class='ocrx_word' id='word_1_127' title='bbox 508 1315 612 1376; x_wconf 78' lang='lat' dir='ltr'><strong>videto</strong></span> <span class='ocrx_word' id='word_1_128' title='bbox 627 1331 703 1396; x_wconf 90' lang='lat' dir='ltr'><strong>qnae</strong></span> <span class='ocrx_word' id='word_1_129' title='bbox 718 1315 927 1375; x_wconf 72' lang='lat' dir='ltr'><strong>annotavimus</strong></span> <span class='ocrx_word' id='word_1_130' title='bbox 943 1313 981 1373; x_wconf 85' lang='lat' dir='ltr'><strong>ad</strong></span> <span class='ocrx_word' id='word_1_131' title='bbox 997 1315 1084 1374; x_wconf 87' lang='lat' dir='ltr'><strong>illum</strong></span> <span class='ocrx_word' id='word_1_132' title='bbox 1099 1313 1211 1374; x_wconf 86' lang='lat' dir='ltr'><strong>locum.</strong></span> <span class='ocrx_word' id='word_1_133' title='bbox 1254 1339 1256 1342; x_wconf 93' lang='lat'>·</span> <span class='ocrx_word' id='word_1_134' title='bbox 1307 1313 1310 1320; x_wconf 89' lang='grc'><strong>’</strong></span> 
     </span>
     <span class='ocr_line' id='line_1_15' title="bbox 113 1397 1392 1543; baseline -0.007 -77"><span class='ocrx_word' id='word_1_135' title='bbox 113 1483 140 1543; x_wconf 78' lang='lat'><strong>⁰</strong></span> <span class='ocrx_word' id='word_1_136' title='bbox 199 1400 249 1465; x_wconf 82' lang='lat'><strong>37.</strong></span> <span class='ocrx_word' id='word_1_137' title='bbox 282 1403 458 1464; x_wconf 73' lang='lat' dir='ltr'><strong>Tanaum</strong></span> <span class='ocrx_word' id='word_1_138' title='bbox 494 1399 647 1483; x_wconf 81' lang='lat' dir='ltr'><strong>Ganos]</strong></span> <span class='ocrx_word' id='word_1_139' title='bbox 684 1401 844 1482; x_wconf 78' lang='lat' dir='ltr'>Pelopem,</span> <span class='ocrx_word' id='word_1_140' title='bbox 880 1397 1020 1475; x_wconf 78' lang='lat' dir='ltr'>Atreum,</span> <span class='ocrx_word' id='word_1_141' title='bbox 1056 1399 1315 1479; x_wconf 70' lang='lat' dir='ltr'><strong>Agamemnonem,</strong></span> <span class='ocrx_word' id='word_1_142' title='bbox 1389 1425 1392 1451; x_wconf 82' lang='grc' dir='ltr'>ι</span> 
     </span>
    </p>

    <p class='ocr_par' dir='ltr' id='par_1_7' title="bbox 142 1477 1324 1546">
     <span class='ocr_line' id='line_1_16' title="bbox 142 1477 1324 1546; baseline -0.002 -2"><span class='ocrx_word' id='word_1_143' title='bbox 142 1493 261 1546; x_wconf 77' lang='lat' dir='ltr'><strong>restem.</strong></span> <span class='ocrx_word' id='word_1_144' title='bbox 1103 1534 1107 1542; x_wconf 79' lang='grc'>,</span> <span class='ocrx_word' id='word_1_145' title='bbox 1321 1477 1324 1498; x_wconf 90' lang='lat'>&#39;</span> 
     </span>
    </p>

    <p class='ocr_par' dir='ltr' id='par_1_8' title="bbox 110 1565 1432 2402">
     <span class='ocr_line' id='line_1_17' title="bbox 199 1565 1432 1653; baseline -0.009 -17"><span class='ocrx_word' id='word_1_146' title='bbox 199 1577 251 1638; x_wconf 80' lang='grc'><strong>88.</strong></span> <span class='ocrx_word' id='word_1_147' title='bbox 271 1571 341 1632; x_wconf 83' lang='grc' dir='ltr'><strong>Ηιο</strong></span> <span class='ocrx_word' id='word_1_148' title='bbox 362 1592 516 1634; x_wconf 73' lang='lat' dir='ltr'><strong>cavana</strong></span> <span class='ocrx_word' id='word_1_149' title='bbox 538 1567 828 1653; x_wconf 73' lang='lat' dir='ltr'><strong>nonancurte]</strong></span> <span class='ocrx_word' id='word_1_150' title='bbox 852 1565 937 1630; x_wconf 75' lang='lat' dir='ltr'><strong>naalia</strong></span> <span class='ocrx_word' id='word_1_151' title='bbox 951 1565 1063 1644; x_wconf 80' lang='lat' dir='ltr'><strong>levare,</strong></span> <span class='ocrx_word' id='word_1_152' title='bbox 1083 1565 1116 1626; x_wconf 83' lang='lat' dir='ltr'><strong>id</strong></span> <span class='ocrx_word' id='word_1_153' title='bbox 1137 1575 1201 1650; x_wconf 80' lang='lat' dir='ltr'><strong>eat,</strong></span> <span class='ocrx_word' id='word_1_154' title='bbox 1219 1565 1317 1642; x_wconf 78' lang='lat' dir='ltr'><strong>audit,</strong></span> <span class='ocrx_word' id='word_1_155' title='bbox 1430 1581 1432 1594; x_wconf 92' lang='grc'><strong><em>·</em></strong></span> 
     </span>
     <span class='ocr_line' id='line_1_18' title="bbox 110 1649 1356 1738; baseline -0.002 -22"><span class='ocrx_word' id='word_1_156' title='bbox 110 1665 149 1716; x_wconf 84' lang='lat' dir='ltr'><strong>ut</strong></span> <span class='ocrx_word' id='word_1_157' title='bbox 163 1657 254 1738; x_wconf 71' lang='lat' dir='ltr'><strong>levet.</strong></span> <span class='ocrx_word' id='word_1_158' title='bbox 297 1659 366 1718; x_wconf 78' lang='lat' dir='ltr'><strong>Sive</strong></span> <span class='ocrx_word' id='word_1_159' title='bbox 379 1667 620 1738; x_wconf 79' lang='lat' dir='ltr'><strong>mortemoptet‚</strong></span> <span class='ocrx_word' id='word_1_160' title='bbox 642 1657 706 1717; x_wconf 84' lang='lat' dir='ltr'><strong>aive</strong></span> <span class='ocrx_word' id='word_1_161' title='bbox 728 1656 905 1716; x_wconf 69' lang='lat' dir='ltr'><strong>extimescat</strong></span> <span class='ocrx_word' id='word_1_162' title='bbox 926 1662 956 1714; x_wconf 85' lang='lat' dir='ltr'><strong>et</strong></span> <span class='ocrx_word' id='word_1_163' title='bbox 974 1650 1098 1712; x_wconf 89' lang='lat' dir='ltr'><strong>horreat</strong></span> <span class='ocrx_word' id='word_1_164' title='bbox 1120 1669 1237 1732; x_wconf 84' lang='lat' dir='ltr'><strong>pauper</strong></span> <span class='ocrx_word' id='word_1_165' title='bbox 1255 1649 1356 1732; x_wconf 57' lang='lat' dir='ltr'><strong>sti-J</strong></span> 
     </span>
     <span class='ocr_line' id='line_1_19' title="bbox 112 1737 1319 1822; baseline -0.003 -20"><span class='ocrx_word' id='word_1_166' title='bbox 112 1742 182 1820; x_wconf 88' lang='lat' dir='ltr'><strong>quia</strong></span> <span class='ocrx_word' id='word_1_167' title='bbox 199 1752 228 1802; x_wconf 88' lang='lat' dir='ltr'><strong>et</strong></span> <span class='ocrx_word' id='word_1_168' title='bbox 242 1744 449 1822; x_wconf 85' lang='lat' dir='ltr'><strong>calamitosus,</strong></span> <span class='ocrx_word' id='word_1_169' title='bbox 471 1745 615 1806; x_wconf 88' lang='lat' dir='ltr'><strong>continno</strong></span> <span class='ocrx_word' id='word_1_170' title='bbox 638 1743 734 1804; x_wconf 85' lang='lat' dir='ltr'><strong>aderit</strong></span> <span class='ocrx_word' id='word_1_171' title='bbox 749 1742 819 1816; x_wconf 88' lang='lat' dir='ltr'><strong>illa,</strong></span> <span class='ocrx_word' id='word_1_172' title='bbox 842 1750 877 1800; x_wconf 93' lang='lat' dir='ltr'><strong>ut</strong></span> <span class='ocrx_word' id='word_1_173' title='bbox 901 1757 970 1800; x_wconf 87' lang='lat' dir='ltr'><strong>eum</strong></span> <span class='ocrx_word' id='word_1_174' title='bbox 992 1737 1161 1798; x_wconf 87' lang='lat' dir='ltr'><strong>calamitate</strong></span> <span class='ocrx_word' id='word_1_175' title='bbox 1181 1739 1319 1798; x_wconf 81' lang='lat' dir='ltr'><strong>levatae</strong></span> 
     </span>
     <span class='ocr_line' id='line_1_20' title="bbox 110 1810 1317 1902; baseline -0.001 -16"><span class='ocrx_word' id='word_1_176' title='bbox 110 1827 231 1888; x_wconf 84' lang='lat' dir='ltr'><strong>liberet.</strong></span> <span class='ocrx_word' id='word_1_177' title='bbox 254 1831 382 1888; x_wconf 82' lang='lat' dir='ltr'><strong>omnium</strong></span> <span class='ocrx_word' id='word_1_178' title='bbox 397 1833 473 1890; x_wconf 84' lang='lat' dir='ltr'><strong>enim</strong></span> <span class='ocrx_word' id='word_1_179' title='bbox 489 1852 583 1890; x_wconf 84' lang='lat' dir='ltr'><strong>reram</strong></span> <span class='ocrx_word' id='word_1_180' title='bbox 598 1842 738 1887; x_wconf 82' lang='lat' dir='ltr'><strong>moreest</strong></span> <span class='ocrx_word' id='word_1_181' title='bbox 761 1810 942 1899; x_wconf 68' lang='lat' dir='ltr'><strong>extremum,</strong></span> <span class='ocrx_word' id='word_1_182' title='bbox 964 1831 999 1882; x_wconf 84' lang='lat' dir='ltr'><strong>ut</strong></span> <span class='ocrx_word' id='word_1_183' title='bbox 1014 1821 1058 1884; x_wconf 88' lang='lat' dir='ltr'><strong>s&#39;it</strong></span> <span class='ocrx_word' id='word_1_184' title='bbox 1078 1821 1211 1886; x_wconf 80' lang='lat' dir='ltr'><strong>bl.Tull.</strong></span> <span class='ocrx_word' id='word_1_185' title='bbox 1231 1821 1317 1902; x_wconf 81' lang='lat' dir='ltr'><strong>epist.</strong></span> 
     </span>
     <span class='ocr_line' id='line_1_21' title="bbox 113 1903 1319 1995; baseline -0.002 -23"><span class='ocrx_word' id='word_1_186' title='bbox 113 1913 152 1972; x_wconf 85' lang='lat' dir='ltr'><strong>sd</strong></span> <span class='ocrx_word' id='word_1_187' title='bbox 169 1914 333 1974; x_wconf 84' lang='lat' dir='ltr'><strong>Toranium</strong></span> <span class='ocrx_word' id='word_1_188' title='bbox 358 1915 414 1976; x_wconf 85' lang='lat' dir='ltr'><strong>lib.</strong></span> <span class='ocrx_word' id='word_1_189' title='bbox 429 1921 458 1981; x_wconf 87' lang='lat'><strong>6.</strong></span> <span class='ocrx_word' id='word_1_190' title='bbox 475 1916 540 1995; x_wconf 86' lang='lat' dir='ltr'><strong>[ep.</strong></span> <span class='ocrx_word' id='word_1_191' title='bbox 554 1911 622 1992; x_wconf 80' lang='lat' dir='ltr'><strong>2t.]</strong></span> <span class='ocrx_word' id='word_1_192' title='bbox 646 1915 684 1972; x_wconf 87' lang='lat' dir='ltr'><strong>Et</strong></span> <span class='ocrx_word' id='word_1_193' title='bbox 698 1909 850 1971; x_wconf 87' lang='lat' dir='ltr'><strong>Demosth.</strong></span> <span class='ocrx_word' id='word_1_194' title='bbox 866 1919 942 1970; x_wconf 84' lang='lat' dir='ltr'><strong>orat.</strong></span> <span class='ocrx_word' id='word_1_195' title='bbox 963 1908 1033 1990; x_wconf 69' lang='lat' dir='ltr'><strong>prepi</strong></span> <span class='ocrx_word' id='word_1_196' title='bbox 1047 1903 1212 1986; x_wconf 74' lang='grc' dir='ltr'><strong>στεφάνου.</strong></span> <span class='ocrx_word' id='word_1_197' title='bbox 1225 1907 1319 1990; x_wconf 77' lang='grc' dir='ltr'><strong><em>πέρας</em></strong></span> 
     </span>
     <span class='ocr_line' id='line_1_22' title="bbox 113 1985 1373 2082; baseline -0.009 -19"><span class='ocrx_word' id='word_1_198' title='bbox 113 1992 493 2082; x_wconf 64' lang='grc' dir='ltr'><strong>ὅποσινοῖνθρῶποιςοοοῖ</strong></span> <span class='ocrx_word' id='word_1_199' title='bbox 509 2002 579 2082; x_wconf 78' lang='grc' dir='ltr'><strong>βίον</strong></span> <span class='ocrx_word' id='word_1_200' title='bbox 597 1992 745 2070; x_wconf 78' lang='grc' dir='ltr'><strong>θάνατος.</strong></span> <span class='ocrx_word' id='word_1_201' title='bbox 768 1996 802 2060; x_wconf 86' lang='lat' dir='ltr'><strong>id</strong></span> <span class='ocrx_word' id='word_1_202' title='bbox 819 2004 881 2070; x_wconf 88' lang='lat' dir='ltr'><strong>est,</strong></span> <span class='ocrx_word' id='word_1_203' title='bbox 904 2002 1069 2054; x_wconf 86' lang='lat' dir='ltr'><strong>extremum</strong></span> <span class='ocrx_word' id='word_1_204' title='bbox 1097 1992 1236 2052; x_wconf 87' lang='lat' dir='ltr'><strong>omnibns</strong></span> <span class='ocrx_word' id='word_1_205' title='bbox 1254 1991 1319 2052; x_wconf 87' lang='lat' dir='ltr'><strong>ho·</strong></span> <span class='ocrx_word' id='word_1_206' title='bbox 1369 1985 1373 1990; x_wconf 45' lang='lat'>¹</span> 
     </span>
     <span class='ocr_line' id='line_1_23' title="bbox 111 2078 1319 2166; baseline -0.007 -22"><span class='ocrx_word' id='word_1_207' title='bbox 111 2083 256 2144; x_wconf 70' lang='lat' dir='ltr'><strong>minibus·-</strong></span> <span class='ocrx_word' id='word_1_208' title='bbox 269 2097 315 2146; x_wconf 89' lang='lat' dir='ltr'><strong>est</strong></span> <span class='ocrx_word' id='word_1_209' title='bbox 335 2107 432 2146; x_wconf 63' lang='lat' dir='ltr'><strong>mors.</strong></span> <span class='ocrx_word' id='word_1_210' title='bbox 447 2105 535 2166; x_wconf 87' lang='lat' dir='ltr'><strong>quem</strong></span> <span class='ocrx_word' id='word_1_211' title='bbox 560 2085 661 2144; x_wconf 91' lang='lat' dir='ltr'><strong>locum</strong></span> <span class='ocrx_word' id='word_1_212' title='bbox 685 2101 757 2142; x_wconf 86' lang='lat' dir='ltr'><strong>mox</strong></span> <span class='ocrx_word' id='word_1_213' title='bbox 776 2082 925 2164; x_wconf 75' lang='lat' dir='ltr'><strong>integram</strong></span> <span class='ocrx_word' id='word_1_214' title='bbox 944 2078 1110 2136; x_wconf 81' lang='lat' dir='ltr'><strong>afferemus.</strong></span> <span class='ocrx_word' id='word_1_215' title='bbox 1132 2087 1162 2136; x_wconf 87' lang='lat' dir='ltr'><strong>et</strong></span> <span class='ocrx_word' id='word_1_216' title='bbox 1182 2078 1222 2138; x_wconf 85' lang='grc' dir='ltr'><strong>Μ.</strong></span> <span class='ocrx_word' id='word_1_217' title='bbox 1239 2079 1319 2138; x_wconf 87' lang='lat' dir='ltr'><strong>Tull.</strong></span> 
     </span>
     <span class='ocr_line' id='line_1_24' title="bbox 1250 2187 1320 2222; baseline 0 0"><span class='ocrx_word' id='word_1_218' title='bbox 1250 2187 1295 2222; x_wconf 66' lang='lat' dir='ltr'><strong>llll</strong></span> <span class='ocrx_word' id='word_1_219' title='bbox 1311 2207 1320 2222; x_wconf 78' lang='grc' dir='ltr'>ι</span> 
     </span>
     <span class='ocr_line' id='line_1_25' title="bbox 112 2186 1376 2336; baseline -0.006 -22"><span class='ocrx_word' id='word_1_220' title='bbox 112 2256 154 2314; x_wconf 88' lang='lat' dir='ltr'><strong>Et</strong></span> <span class='ocrx_word' id='word_1_221' title='bbox 174 2255 246 2314; x_wconf 78' lang='lat' dir='ltr'><strong>nur.</strong></span> <span class='ocrx_word' id='word_1_222' title='bbox 275 2251 308 2318; x_wconf 82' lang='lat' dir='ltr'><strong>ari</strong></span> <span class='ocrx_word' id='word_1_223' title='bbox 327 2253 385 2336; x_wconf 81' lang='lat' dir='ltr'><strong>yolp</strong></span> <span class='ocrx_word' id='word_1_224' title='bbox 408 2261 518 2318; x_wconf 78' lang='grc' dir='ltr'><strong><em>θανεῖν</em></strong></span> <span class='ocrx_word' id='word_1_225' title='bbox 543 2257 656 2316; x_wconf 77' lang='lat' dir='ltr'><strong>licerio</strong></span> <span class='ocrx_word' id='word_1_226' title='bbox 676 2251 814 2333; x_wconf 74' lang='grc' dir='ltr'><strong>μέγιστον</strong></span> <span class='ocrx_word' id='word_1_227' title='bbox 843 2249 1006 2330; x_wconf 72' lang='grc' dir='ltr'><strong>φάρμακον</strong></span> <span class='ocrx_word' id='word_1_228' title='bbox 1028 2187 1247 2326; x_wconf 68' lang='lat' dir='ltr'><strong>rapueran&#39;ii</strong></span> <span class='ocrx_word' id='word_1_229' title='bbox 1264 2186 1320 2324; x_wconf 75' lang='lat' dir='ltr'><strong>cal,</strong></span> <span class='ocrx_word' id='word_1_230' title='bbox 1373 2294 1376 2300; x_wconf 67' lang='grc'><em>,</em></span> 
     </span>
     <span class='ocr_line' id='line_1_26' title="bbox 112 2333 1107 2402; baseline -0.013 1"><span class='ocrx_word' id='word_1_231' title='bbox 112 2341 286 2402; x_wconf 75' lang='lat' dir='ltr'><strong>marisam</strong></span> <span class='ocrx_word' id='word_1_232' title='bbox 305 2341 466 2402; x_wconf 81' lang='lat' dir='ltr'><strong>maximum</strong></span> <span class='ocrx_word' id='word_1_233' title='bbox 482 2341 630 2400; x_wconf 87' lang='lat' dir='ltr'><strong>malornm</strong></span> <span class='ocrx_word' id='word_1_234' title='bbox 646 2337 894 2398; x_wconf 78' lang='lat' dir='ltr'><strong>medicamentum</strong></span> <span class='ocrx_word' id='word_1_235' title='bbox 912 2333 1107 2392; x_wconf 84' lang='lat' dir='ltr'><strong>existimatur.</strong></span> 
     </span>
    </p>
   </div>
   <div class='ocr_carea' id='block_1_5' title="bbox 202 2405 1432 2500">
    <p class='ocr_par' dir='ltr' id='par_1_9' title="bbox 202 2405 1432 2500">
     <span class='ocr_line' id='line_1_27' title="bbox 202 2405 1432 2500; baseline -0.016 -11"><span class='ocrx_word' id='word_1_236' title='bbox 202 2421 255 2489; x_wconf 77' lang='lat'><strong>110.</strong></span> <span class='ocrx_word' id='word_1_237' title='bbox 288 2425 470 2485; x_wconf 78' lang='lat' dir='ltr'><strong>Voaerus</strong></span> <span class='ocrx_word' id='word_1_238' title='bbox 504 2442 629 2494; x_wconf 78' lang='lat' dir='ltr'><strong>arona</strong></span> <span class='ocrx_word' id='word_1_239' title='bbox 658 2437 733 2482; x_wconf 75' lang='lat' dir='ltr'><strong>aaa</strong></span> <span class='ocrx_word' id='word_1_240' title='bbox 758 2419 865 2498; x_wconf 76' lang='lat' dir='ltr'><strong>von]</strong></span> <span class='ocrx_word' id='word_1_241' title='bbox 895 2426 997 2477; x_wconf 89' lang='lat' dir='ltr'><strong>uatum</strong></span> <span class='ocrx_word' id='word_1_242' title='bbox 1020 2433 1059 2473; x_wconf 81' lang='lat' dir='ltr'><strong>ex</strong></span> <span class='ocrx_word' id='word_1_243' title='bbox 1077 2405 1226 2494; x_wconf 77' lang='lat' dir='ltr'><strong>Apollinis</strong></span> <span class='ocrx_word' id='word_1_244' title='bbox 1250 2431 1321 2472; x_wconf 89' lang='lat' dir='ltr'><strong>ors·</strong></span> <span class='ocrx_word' id='word_1_245' title='bbox 1348 2453 1353 2500; x_wconf 22' lang='grc' dir='ltr'><strong>,Ι</strong></span> <span class='ocrx_word' id='word_1_246' title='bbox 1431 2433 1432 2436; x_wconf 62' lang='grc'>’</span> 
     </span>
    </p>
   </div>
   <div class='ocr_carea' id='block_1_6' title="bbox 114 2493 1322 2584">
    <p class='ocr_par' dir='ltr' id='par_1_10' title="bbox 114 2493 1322 2584">
     <span class='ocr_line' id='line_1_28' title="bbox 114 2493 1322 2584; baseline -0.008 -14"><span class='ocrx_word' id='word_1_247' title='bbox 114 2511 189 2571; x_wconf 87' lang='lat' dir='ltr'><strong>culo</strong></span> <span class='ocrx_word' id='word_1_248' title='bbox 204 2509 445 2570; x_wconf 81' lang='lat' dir='ltr'><strong>Lacedaemoniis</strong></span> <span class='ocrx_word' id='word_1_249' title='bbox 457 2509 597 2584; x_wconf 79' lang='lat' dir='ltr'><strong>reddito,</strong></span> <span class='ocrx_word' id='word_1_250' title='bbox 619 2499 808 2584; x_wconf 70' lang='grc' dir='ltr'><strong>καλούμενός</strong></span> <span class='ocrx_word' id='word_1_251' title='bbox 825 2527 859 2566; x_wconf 82' lang='grc' dir='ltr'><strong>τε</strong></span> <span class='ocrx_word' id='word_1_252' title='bbox 877 2496 903 2566; x_wconf 76' lang='lat' dir='ltr'><strong>s’</strong></span> <span class='ocrx_word' id='word_1_253' title='bbox 932 2495 1060 2580; x_wconf 72' lang='grc' dir='ltr'><strong>ἄκλητος</strong></span> <span class='ocrx_word' id='word_1_254' title='bbox 1072 2493 1148 2570; x_wconf 69' lang='grc' dir='ltr'><strong>θεὸς</strong></span> <span class='ocrx_word' id='word_1_255' title='bbox 1169 2495 1322 2580; x_wconf 71' lang='lat' dir='ltr'><strong>nupturos.</strong></span> 
     </span>
    </p>
   </div>
   <div class='ocr_carea' id='block_1_7' title="bbox 14 2585 848 2674">
    <p class='ocr_par' dir='ltr' id='par_1_11' title="bbox 14 2585 848 2674">
     <span class='ocr_line' id='line_1_29' title="bbox 14 2585 848 2674; baseline -0.01 -20"><span class='ocrx_word' id='word_1_256' title='bbox 14 2611 16 2654; x_wconf 71' lang='grc' dir='ltr'><em>τ</em></span> <span class='ocrx_word' id='word_1_257' title='bbox 113 2598 228 2674; x_wconf 83' lang='lat' dir='ltr'><strong>idest,</strong></span> <span class='ocrx_word' id='word_1_258' title='bbox 249 2605 376 2656; x_wconf 77' lang='lat' dir='ltr'><strong>vocatus</strong></span> <span class='ocrx_word' id='word_1_259' title='bbox 392 2603 423 2657; x_wconf 89' lang='lat' dir='ltr'><strong>et</strong></span> <span class='ocrx_word' id='word_1_260' title='bbox 434 2615 497 2655; x_wconf 90' lang='lat' dir='ltr'><strong>noa</strong></span> <span class='ocrx_word' id='word_1_261' title='bbox 510 2601 637 2654; x_wconf 76' lang='lat' dir='ltr'><strong>vocatus</strong></span> <span class='ocrx_word' id='word_1_262' title='bbox 649 2591 726 2656; x_wconf 75' lang='lat' dir='ltr'><strong>aaa·</strong></span> <span class='ocrx_word' id='word_1_263' title='bbox 737 2585 848 2646; x_wconf 69' lang='lat' dir='ltr'><strong>&#39;ederit</strong></span> 
     </span>
    </p>
   </div>
   <div class='ocr_carea' id='block_1_8' title="bbox 232 2803 1097 2934">
    <p class='ocr_par' dir='ltr' id='par_1_12' title="bbox 232 2803 1097 2934">
     <span class='ocr_line' id='line_1_30' title="bbox 232 2803 1097 2934; baseline -0.039 -2"><span class='ocrx_word' id='word_1_264' title='bbox 232 2919 235 2934; x_wconf 90' lang='lat'><strong>.</strong></span> <span class='ocrx_word' id='word_1_265' title='bbox 364 2841 425 2920; x_wconf 84' lang='lat' dir='ltr'><strong>ln</strong></span> <span class='ocrx_word' id='word_1_266' title='bbox 457 2833 754 2917; x_wconf 75' lang='lat' dir='ltr'><strong>arcanum.</strong></span> <span class='ocrx_word' id='word_1_267' title='bbox 806 2827 925 2910; x_wconf 82' lang='lat' dir='ltr'><strong>oon</strong></span> <span class='ocrx_word' id='word_1_268' title='bbox 956 2803 1097 2904; x_wconf 69' lang='lat' dir='ltr'><strong>xm</strong></span> 
     </span>
    </p>
   </div>
   <div class='ocr_carea' id='block_1_9' title="bbox 171 3015 1268 3119">
    <p class='ocr_par' dir='ltr' id='par_1_13' title="bbox 171 3015 1268 3119">
     <span class='ocr_line' id='line_1_31' title="bbox 171 3015 1268 3119; baseline -0.018 -33"><span class='ocrx_word' id='word_1_269' title='bbox 171 3031 231 3087; x_wconf 73' lang='lat' dir='ltr'><strong>Sibi</strong></span> <span class='ocrx_word' id='word_1_270' title='bbox 248 3031 328 3086; x_wconf 73' lang='lat' dir='ltr'><strong>licere</strong></span> <span class='ocrx_word' id='word_1_271' title='bbox 344 3031 450 3085; x_wconf 83' lang='lat' dir='ltr'><strong>Baeeln&#39;</strong></span> <span class='ocrx_word' id='word_1_272' title='bbox 466 3031 575 3119; x_wconf 74' lang='lat' dir='ltr'><strong>laudas,</strong></span> <span class='ocrx_word' id='word_1_273' title='bbox 594 3041 630 3094; x_wconf 47' lang='lat' dir='ltr'><strong>aa,</strong></span> <span class='ocrx_word' id='word_1_274' title='bbox 641 3029 700 3081; x_wconf 80' lang='lat' dir='ltr'><strong>eius</strong></span> <span class='ocrx_word' id='word_1_275' title='bbox 717 3023 837 3078; x_wconf 69' lang='lat' dir='ltr'><strong>nuauns‘s</strong></span> <span class='ocrx_word' id='word_1_276' title='bbox 851 3019 930 3093; x_wconf 82' lang='lat' dir='ltr'><strong>plano</strong></span> <span class='ocrx_word' id='word_1_277' title='bbox 946 3029 976 3071; x_wconf 70' lang='lat' dir='ltr'><strong>aa</strong></span> <span class='ocrx_word' id='word_1_278' title='bbox 992 3015 1144 3081; x_wconf 69' lang='lat' dir='ltr'><strong>minsa,</strong></span> <span class='ocrx_word' id='word_1_279' title='bbox 1162 3031 1268 3068; x_wconf 76' lang='lat' dir='ltr'><strong>canera</strong></span> 
     </span>
    </p>
   </div>
   <div class='ocr_carea' id='block_1_10' title="bbox 117 3171 1328 3456">
    <p class='ocr_par' dir='ltr' id='par_1_14' title="bbox 117 3171 1328 3456">
     <span class='ocr_line' id='line_1_32' title="bbox 207 3171 1328 3259; baseline -0.021 -9"><span class='ocrx_word' id='word_1_280' title='bbox 207 3193 238 3256; x_wconf 90' lang='lat'><strong>1.</strong></span> <span class='ocrx_word' id='word_1_281' title='bbox 259 3188 396 3248; x_wconf 78' lang='lat' dir='ltr'><strong>Bacca.</strong></span> <span class='ocrx_word' id='word_1_282' title='bbox 418 3205 455 3246; x_wconf 84' lang='lat' dir='ltr'><strong>an</strong></span> <span class='ocrx_word' id='word_1_283' title='bbox 476 3205 563 3258; x_wconf 77' lang='lat' dir='ltr'><strong>near.</strong></span> <span class='ocrx_word' id='word_1_284' title='bbox 593 3178 728 3259; x_wconf 62' lang='lat' dir='ltr'><strong>anum]</strong></span> <span class='ocrx_word' id='word_1_285' title='bbox 757 3183 883 3258; x_wconf 70' lang='lat' dir='ltr'><strong>poblae,</strong></span> <span class='ocrx_word' id='word_1_286' title='bbox 910 3182 1012 3248; x_wconf 81' lang='lat' dir='ltr'><strong>rates,</strong></span> <span class='ocrx_word' id='word_1_287' title='bbox 1036 3171 1121 3246; x_wconf 82' lang='lat' dir='ltr'><strong>ebrii,</strong></span> <span class='ocrx_word' id='word_1_288' title='bbox 1143 3177 1275 3230; x_wconf 86' lang='lat' dir='ltr'><strong>amantes</strong></span> <span class='ocrx_word' id='word_1_289' title='bbox 1296 3176 1328 3228; x_wconf 86' lang='lat' dir='ltr'><strong>et</strong></span> 
     </span>
     <span class='ocr_line' id='line_1_33' title="bbox 117 3255 1327 3344; baseline -0.017 -10"><span class='ocrx_word' id='word_1_290' title='bbox 117 3275 233 3334; x_wconf 88' lang='lat' dir='ltr'><strong>similes</strong></span> <span class='ocrx_word' id='word_1_291' title='bbox 250 3276 344 3334; x_wconf 89' lang='lat' dir='ltr'><strong>multa</strong></span> <span class='ocrx_word' id='word_1_292' title='bbox 360 3271 415 3332; x_wconf 90' lang='lat' dir='ltr'><strong>sibi</strong></span> <span class='ocrx_word' id='word_1_293' title='bbox 430 3271 534 3330; x_wconf 84' lang='lat' dir='ltr'><strong>videre</strong></span> <span class='ocrx_word' id='word_1_294' title='bbox 549 3255 794 3344; x_wconf 83' lang='lat' dir='ltr'><strong>videntur‚qi1se</strong></span> <span class='ocrx_word' id='word_1_295' title='bbox 812 3277 995 3322; x_wconf 79' lang='lat' dir='ltr'><strong>reveranon</strong></span> <span class='ocrx_word' id='word_1_296' title='bbox 1012 3257 1123 3319; x_wconf 84' lang='lat' dir='ltr'><strong>vident.</strong></span> <span class='ocrx_word' id='word_1_297' title='bbox 1169 3257 1218 3312; x_wconf 85' lang='lat' dir='ltr'><strong>Sic</strong></span> <span class='ocrx_word' id='word_1_298' title='bbox 1234 3255 1327 3332; x_wconf 82' lang='lat' dir='ltr'><strong>igitur</strong></span> 
     </span>
     <span class='ocr_line' id='line_1_34' title="bbox 117 3338 1325 3456; baseline -0.021 -35"><span class='ocrx_word' id='word_1_299' title='bbox 117 3361 264 3421; x_wconf 84' lang='lat' dir='ltr'><strong>Horatius</strong></span> <span class='ocrx_word' id='word_1_300' title='bbox 279 3356 432 3420; x_wconf 87' lang='lat' dir='ltr'><strong>Bacchum</strong></span> <span class='ocrx_word' id='word_1_301' title='bbox 445 3344 609 3416; x_wconf 73' lang='lat' dir='ltr'><strong>carminum</strong></span> <span class='ocrx_word' id='word_1_302' title='bbox 623 3354 778 3414; x_wconf 86' lang='lat' dir='ltr'><strong>doctorem</strong></span> <span class='ocrx_word' id='word_1_303' title='bbox 801 3357 832 3408; x_wconf 90' lang='lat' dir='ltr'><strong>et</strong></span> <span class='ocrx_word' id='word_1_304' title='bbox 844 3349 971 3426; x_wconf 49' lang='lat' dir='ltr'><strong>¹Satyros</strong></span> <span class='ocrx_word' id='word_1_305' title='bbox 987 3363 1057 3402; x_wconf 88' lang='lat' dir='ltr'><strong>cum</strong></span> <span class='ocrx_word' id='word_1_306' title='bbox 1069 3339 1218 3456; x_wconf 59' lang='lat' dir='ltr'><strong>Nymphis</strong></span> <span class='ocrx_word' id='word_1_307' title='bbox 1236 3338 1325 3398; x_wconf 86' lang='lat' dir='ltr'><strong>audi-</strong></span> 
     </span>
    </p>
   </div>
   <div class='ocr_carea' id='block_1_11' title="bbox 117 3443 1259 3604">
    <p class='ocr_par' dir='ltr' id='par_1_15' title="bbox 117 3443 1259 3604">
     <span class='ocr_line' id='line_1_35' title="bbox 117 3443 1259 3523; baseline -0.024 -16"><span class='ocrx_word' id='word_1_308' title='bbox 117 3456 206 3506; x_wconf 84' lang='lat' dir='ltr'><strong>tores</strong></span> <span class='ocrx_word' id='word_1_309' title='bbox 223 3455 255 3506; x_wconf 84' lang='lat' dir='ltr'><strong>et</strong></span> <span class='ocrx_word' id='word_1_310' title='bbox 268 3443 435 3523; x_wconf 86' lang='lat' dir='ltr'><strong>discipulas</strong></span> <span class='ocrx_word' id='word_1_311' title='bbox 449 3443 533 3502; x_wconf 80' lang='lat' dir='ltr'><strong>vidit.</strong></span> <span class='ocrx_word' id='word_1_312' title='bbox 928 3479 930 3486; x_wconf 95' lang='lat'><strong>.</strong></span> <span class='ocrx_word' id='word_1_313' title='bbox 1243 3466 1259 3499; x_wconf 41' lang='lat'><strong>,-</strong></span> 
     </span>
     <span class='ocr_line' id='line_1_36' title="bbox 210 3507 1226 3604; baseline -0.02 -14"><span class='ocrx_word' id='word_1_314' title='bbox 210 3538 240 3597; x_wconf 78' lang='lat'><strong>2.</strong></span> <span class='ocrx_word' id='word_1_315' title='bbox 265 3531 437 3588; x_wconf 79' lang='lat' dir='ltr'><strong>Caeam</strong></span> <span class='ocrx_word' id='word_1_316' title='bbox 459 3522 646 3604; x_wconf 75' lang='lat' dir='ltr'><strong>rosanus]</strong></span> <span class='ocrx_word' id='word_1_317' title='bbox 669 3515 912 3583; x_wconf 65' lang='lat' dir='ltr'><strong>cumulatam</strong></span> <span class='ocrx_word' id='word_1_318' title='bbox 927 3507 1058 3593; x_wconf 83' lang='lat' dir='ltr'><strong>Apella,</strong></span> <span class='ocrx_word' id='word_1_319' title='bbox 1079 3507 1226 3589; x_wconf 72' lang='lat' dir='ltr'><strong>Nanago-</strong></span> 
     </span>
    </p>
   </div>
   <div class='ocr_carea' id='block_1_12' title="bbox 208 3591 1329 3686">
    <p class='ocr_par' dir='ltr' id='par_1_16' title="bbox 208 3591 1329 3686">
     <span class='ocr_line' id='line_1_37' title="bbox 208 3591 1329 3686; baseline -0.02 -10"><span class='ocrx_word' id='word_1_320' title='bbox 208 3623 239 3682; x_wconf 82' lang='grc'><strong>4.</strong></span> <span class='ocrx_word' id='word_1_321' title='bbox 261 3617 515 3674; x_wconf 73' lang='lat' dir='ltr'><strong>carmennum</strong></span> <span class='ocrx_word' id='word_1_322' title='bbox 543 3594 702 3686; x_wconf 68' lang='lat' dir='ltr'><strong>Sinum]</strong></span> <span class='ocrx_word' id='word_1_323' title='bbox 724 3604 822 3678; x_wconf 83' lang='lat' dir='ltr'><strong>labat,</strong></span> <span class='ocrx_word' id='word_1_324' title='bbox 842 3601 882 3660; x_wconf 87' lang='lat' dir='ltr'><strong>ad</strong></span> <span class='ocrx_word' id='word_1_325' title='bbox 901 3599 983 3660; x_wconf 80' lang='lat' dir='ltr'><strong>liuuc</strong></span> <span class='ocrx_word' id='word_1_326' title='bbox 1001 3597 1100 3654; x_wconf 87' lang='lat' dir='ltr'><strong>locum</strong></span> <span class='ocrx_word' id='word_1_327' title='bbox 1122 3615 1154 3652; x_wconf 86' lang='lat' dir='ltr'><strong>aa</strong></span> <span class='ocrx_word' id='word_1_328' title='bbox 1178 3591 1329 3654; x_wconf 85' lang='lat' dir='ltr'><strong>ascribere</strong></span> 
     </span>
    </p>
   </div>
   <div class='ocr_carea' id='block_1_13' title="bbox 14 3678 1329 3866">
    <p class='ocr_par' dir='ltr' id='par_1_17' title="bbox 14 3678 1329 3866">
     <span class='ocr_line' id='line_1_38' title="bbox 120 3678 1328 3784; baseline -0.022 -21"><span class='ocrx_word' id='word_1_329' title='bbox 120 3721 202 3784; x_wconf 84' lang='lat' dir='ltr'><strong>qnae</strong></span> <span class='ocrx_word' id='word_1_330' title='bbox 216 3701 374 3761; x_wconf 85' lang='lat' dir='ltr'><strong>Pausanias</strong></span> <span class='ocrx_word' id='word_1_331' title='bbox 387 3700 418 3759; x_wconf 91' lang='lat' dir='ltr'><strong>in</strong></span> <span class='ocrx_word' id='word_1_332' title='bbox 433 3697 540 3758; x_wconf 76' lang='lat' dir='ltr'><strong>siricis</strong></span> <span class='ocrx_word' id='word_1_333' title='bbox 555 3696 589 3776; x_wconf 80' lang='lat'><strong>[1,</strong></span> <span class='ocrx_word' id='word_1_334' title='bbox 604 3702 654 3768; x_wconf 76' lang='lat'><strong>23,</strong></span> <span class='ocrx_word' id='word_1_335' title='bbox 670 3689 712 3771; x_wconf 81' lang='lat'><strong>5.]</strong></span> <span class='ocrx_word' id='word_1_336' title='bbox 734 3697 837 3748; x_wconf 84' lang='lat' dir='ltr'><strong>narrat</strong></span> <span class='ocrx_word' id='word_1_337' title='bbox 856 3706 917 3745; x_wconf 85' lang='lat' dir='ltr'><strong>aaa</strong></span> <span class='ocrx_word' id='word_1_338' title='bbox 934 3681 1064 3762; x_wconf 87' lang='lat' dir='ltr'><strong>quodam</strong></span> <span class='ocrx_word' id='word_1_339' title='bbox 1082 3678 1236 3760; x_wconf 85' lang='lat' dir='ltr'><strong>Euphemo</strong></span> <span class='ocrx_word' id='word_1_340' title='bbox 1253 3681 1328 3739; x_wconf 85' lang='lat' dir='ltr'><strong>Cere</strong></span> 
     </span>
     <span class='ocr_line' id='line_1_39' title="bbox 14 3765 1329 3866; baseline -0.025 -14"><span class='ocrx_word' id='word_1_341' title='bbox 14 3787 15 3792; x_wconf 8' lang='grc' dir='ltr'>ἵ</span> <span class='ocrx_word' id='word_1_342' title='bbox 120 3792 164 3850; x_wconf 79' lang='lat' dir='ltr'><strong>ele</strong></span> <span class='ocrx_word' id='word_1_343' title='bbox 176 3789 291 3866; x_wconf 84' lang='lat' dir='ltr'><strong>Satyris</strong></span> <span class='ocrx_word' id='word_1_344' title='bbox 305 3785 466 3865; x_wconf 82' lang='lat' dir='ltr'><strong>accepisse.</strong></span> <span class='ocrx_word' id='word_1_345' title='bbox 502 3782 627 3842; x_wconf 80' lang='lat' dir='ltr'><strong>Dicebat</strong></span> <span class='ocrx_word' id='word_1_346' title='bbox 640 3780 731 3856; x_wconf 75' lang='lat' dir='ltr'><strong>igitur</strong></span> <span class='ocrx_word' id='word_1_347' title='bbox 744 3773 916 3854; x_wconf 75' lang='lat' dir='ltr'><strong>Euphemes</strong></span> <span class='ocrx_word' id='word_1_348' title='bbox 932 3767 1044 3849; x_wconf 83' lang='lat' dir='ltr'><strong>(inquit</strong></span> <span class='ocrx_word' id='word_1_349' title='bbox 1058 3765 1237 3848; x_wconf 75' lang='lat' dir='ltr'><strong>Pannonias),</strong></span> <span class='ocrx_word' id='word_1_350' title='bbox 1259 3784 1329 3824; x_wconf 86' lang='lat' dir='ltr'><strong>cum</strong></span> 
     </span>
    </p>
   </div>
   <div class='ocr_carea' id='block_1_14' title="bbox 14 3851 1329 3948">
    <p class='ocr_par' dir='ltr' id='par_1_18' title="bbox 14 3851 1329 3948">
     <span class='ocr_line' id='line_1_40' title="bbox 14 3851 1329 3948; baseline -0.021 -12"><span class='ocrx_word' id='word_1_351' title='bbox 14 3895 15 3900; x_wconf 51' lang='lat'>¹</span> <span class='ocrx_word' id='word_1_352' title='bbox 120 3875 156 3934; x_wconf 90' lang='lat' dir='ltr'><strong>in</strong></span> <span class='ocrx_word' id='word_1_353' title='bbox 172 3875 286 3933; x_wconf 86' lang='lat' dir='ltr'><strong>ltaliam</strong></span> <span class='ocrx_word' id='word_1_354' title='bbox 301 3871 471 3948; x_wconf 84' lang='lat' dir='ltr'><strong>navigaret,</strong></span> <span class='ocrx_word' id='word_1_355' title='bbox 493 3889 524 3928; x_wconf 90' lang='lat' dir='ltr'><strong>se</strong></span> <span class='ocrx_word' id='word_1_356' title='bbox 539 3867 570 3925; x_wconf 82' lang='lat' dir='ltr'><strong>vi</strong></span> <span class='ocrx_word' id='word_1_357' title='bbox 592 3875 752 3924; x_wconf 86' lang='lat' dir='ltr'><strong>ventorum</strong></span> <span class='ocrx_word' id='word_1_358' title='bbox 769 3869 799 3918; x_wconf 88' lang='lat' dir='ltr'><strong>et</strong></span> <span class='ocrx_word' id='word_1_359' title='bbox 816 3863 993 3936; x_wconf 84' lang='lat' dir='ltr'><strong>tempestate</strong></span> <span class='ocrx_word' id='word_1_360' title='bbox 1019 3851 1213 3930; x_wconf 84' lang='lat' dir='ltr'><strong>abreptuma</strong></span> <span class='ocrx_word' id='word_1_361' title='bbox 1243 3857 1329 3910; x_wconf 88' lang='lat' dir='ltr'><strong>recto</strong></span> 
     </span>
    </p>
   </div>
   <div class='ocr_carea' id='block_1_15' title="bbox 14 3933 1369 4552">
    <p class='ocr_par' dir='ltr' id='par_1_19' title="bbox 14 3933 1369 4206">
     <span class='ocr_line' id='line_1_41' title="bbox 122 3933 1329 4036; baseline -0.023 -15"><span class='ocrx_word' id='word_1_362' title='bbox 122 3981 219 4021; x_wconf 83' lang='lat' dir='ltr'><strong>cursu</strong></span> <span class='ocrx_word' id='word_1_363' title='bbox 236 3961 324 4036; x_wconf 79' lang='lat' dir='ltr'><strong>longe</strong></span> <span class='ocrx_word' id='word_1_364' title='bbox 339 3955 499 4016; x_wconf 86' lang='lat' dir='ltr'><strong>admodum</strong></span> <span class='ocrx_word' id='word_1_365' title='bbox 517 3953 670 4011; x_wconf 84' lang='lat' dir='ltr'><strong>aberrasse</strong></span> <span class='ocrx_word' id='word_1_366' title='bbox 684 3946 818 4026; x_wconf 84' lang='lat' dir='ltr'><strong>atqasin</strong></span> <span class='ocrx_word' id='word_1_367' title='bbox 839 3963 920 4002; x_wconf 88' lang='lat' dir='ltr'><strong>more</strong></span> <span class='ocrx_word' id='word_1_368' title='bbox 940 3937 1130 4018; x_wconf 82' lang='lat' dir='ltr'><strong>peregrinum</strong></span> <span class='ocrx_word' id='word_1_369' title='bbox 1154 3945 1183 3996; x_wconf 86' lang='lat' dir='ltr'><strong>et</strong></span> <span class='ocrx_word' id='word_1_370' title='bbox 1204 3933 1329 3996; x_wconf 88' lang='lat' dir='ltr'><strong>inaudi-</strong></span> 
     </span>
     <span class='ocr_line' id='line_1_42' title="bbox 121 4016 1329 4124; baseline -0.025 -17"><span class='ocrx_word' id='word_1_371' title='bbox 121 4056 209 4120; x_wconf 89' lang='lat' dir='ltr'><strong>tum,</strong></span> <span class='ocrx_word' id='word_1_372' title='bbox 237 4048 269 4104; x_wconf 88' lang='lat' dir='ltr'><strong>in</strong></span> <span class='ocrx_word' id='word_1_373' title='bbox 289 4063 349 4124; x_wconf 91' lang='lat' dir='ltr'><strong>quo</strong></span> <span class='ocrx_word' id='word_1_374' title='bbox 374 4042 503 4120; x_wconf 89' lang='lat' dir='ltr'><strong>denique</strong></span> <span class='ocrx_word' id='word_1_375' title='bbox 526 4036 658 4115; x_wconf 81' lang='lat' dir='ltr'><strong>navigari</strong></span> <span class='ocrx_word' id='word_1_376' title='bbox 677 4053 738 4093; x_wconf 91' lang='lat' dir='ltr'><strong>non</strong></span> <span class='ocrx_word' id='word_1_377' title='bbox 762 4032 855 4105; x_wconf 85' lang='lat' dir='ltr'><strong>solet,</strong></span> <span class='ocrx_word' id='word_1_378' title='bbox 884 4016 1016 4086; x_wconf 77' lang='lat' dir='ltr'><strong>tieletum</strong></span> <span class='ocrx_word' id='word_1_379' title='bbox 1038 4042 1114 4082; x_wconf 85' lang='lat' dir='ltr'><strong>esse:</strong></span> <span class='ocrx_word' id='word_1_380' title='bbox 1144 4023 1175 4080; x_wconf 86' lang='lat' dir='ltr'><strong>in</strong></span> <span class='ocrx_word' id='word_1_381' title='bbox 1197 4041 1231 4080; x_wconf 90' lang='lat' dir='ltr'><strong>eo</strong></span> <span class='ocrx_word' id='word_1_382' title='bbox 1255 4019 1329 4079; x_wconf 82' lang='lat' dir='ltr'><strong>arari</strong></span> 
     </span>
     <span class='ocr_line' id='line_1_43' title="bbox 14 4104 1369 4206; baseline -0.027 -11"><span class='ocrx_word' id='word_1_383' title='bbox 14 4139 15 4206; x_wconf 77' lang='lat' dir='ltr'><strong>l</strong></span> <span class='ocrx_word' id='word_1_384' title='bbox 122 4133 240 4192; x_wconf 85' lang='lat' dir='ltr'><strong>insulas</strong></span> <span class='ocrx_word' id='word_1_385' title='bbox 252 4117 316 4188; x_wconf 73' lang='lat' dir='ltr'><strong>e&#39;sse</strong></span> <span class='ocrx_word' id='word_1_386' title='bbox 330 4127 437 4186; x_wconf 83' lang='lat' dir='ltr'><strong>multas</strong></span> <span class='ocrx_word' id='word_1_387' title='bbox 457 4127 589 4186; x_wconf 82' lang='lat' dir='ltr'><strong>desertas</strong></span> <span class='ocrx_word' id='word_1_388' title='bbox 612 4131 702 4200; x_wconf 85' lang='lat' dir='ltr'><strong>atque</strong></span> <span class='ocrx_word' id='word_1_389' title='bbox 724 4116 872 4189; x_wconf 83' lang='lat' dir='ltr'><strong>incultas,</strong></span> <span class='ocrx_word' id='word_1_390' title='bbox 901 4107 1060 4188; x_wconf 82' lang='lat' dir='ltr'><strong>inquibus</strong></span> <span class='ocrx_word' id='word_1_391' title='bbox 1081 4104 1250 4169; x_wconf 82' lang='lat' dir='ltr'><strong>habitarent</strong></span> <span class='ocrx_word' id='word_1_392' title='bbox 1275 4114 1331 4176; x_wconf 69' lang='lat' dir='ltr'><strong>tp-</strong></span> <span class='ocrx_word' id='word_1_393' title='bbox 1367 4133 1369 4142; x_wconf 48' lang='grc' dir='ltr'><strong><em>ι</em></strong></span> 
     </span>
    </p>

    <p class='ocr_par' dir='ltr' id='par_1_20' title="bbox 92 4191 1332 4552">
     <span class='ocr_line' id='line_1_44' title="bbox 92 4191 1331 4289; baseline -0.023 -10"><span class='ocrx_word' id='word_1_394' title='bbox 92 4215 95 4222; x_wconf 62' lang='grc'><strong>“</strong></span> <span class='ocrx_word' id='word_1_395' title='bbox 121 4237 195 4278; x_wconf 84' lang='lat' dir='ltr'><strong>rnen</strong></span> <span class='ocrx_word' id='word_1_396' title='bbox 208 4215 344 4286; x_wconf 84' lang='lat' dir='ltr'><strong>homines</strong></span> <span class='ocrx_word' id='word_1_397' title='bbox 362 4213 418 4272; x_wconf 88' lang='lat' dir='ltr'><strong>leri</strong></span> <span class='ocrx_word' id='word_1_398' title='bbox 431 4221 461 4272; x_wconf 88' lang='lat' dir='ltr'><strong>et</strong></span> <span class='ocrx_word' id='word_1_399' title='bbox 475 4219 604 4289; x_wconf 87' lang='lat' dir='ltr'><strong>agrestes</strong></span> <span class='ocrx_word' id='word_1_400' title='bbox 626 4217 655 4267; x_wconf 88' lang='lat' dir='ltr'><strong>et</strong></span> <span class='ocrx_word' id='word_1_401' title='bbox 675 4203 750 4279; x_wconf 84' lang='lat' dir='ltr'><strong>rufi,</strong></span> <span class='ocrx_word' id='word_1_402' title='bbox 773 4199 882 4280; x_wconf 87' lang='lat' dir='ltr'><strong>quibus</strong></span> <span class='ocrx_word' id='word_1_403' title='bbox 901 4195 1013 4255; x_wconf 85' lang='lat' dir='ltr'><strong>caudas</strong></span> <span class='ocrx_word' id='word_1_404' title='bbox 1030 4213 1092 4251; x_wconf 91' lang='lat' dir='ltr'><strong>non</strong></span> <span class='ocrx_word' id='word_1_405' title='bbox 1112 4191 1207 4250; x_wconf 92' lang='lat' dir='ltr'><strong>multo</strong></span> <span class='ocrx_word' id='word_1_406' title='bbox 1226 4191 1331 4250; x_wconf 85' lang='lat' dir='ltr'><strong>caudis</strong></span> 
     </span>
     <span class='ocr_line' id='line_1_45' title="bbox 123 4275 1331 4384; baseline -0.025 -20"><span class='ocrx_word' id='word_1_407' title='bbox 123 4306 246 4384; x_wconf 81' lang='lat' dir='ltr'><strong>equinis</strong></span> <span class='ocrx_word' id='word_1_408' title='bbox 273 4303 403 4360; x_wconf 85' lang='lat' dir='ltr'><strong>minores</strong></span> <span class='ocrx_word' id='word_1_409' title='bbox 429 4295 468 4356; x_wconf 82' lang='lat' dir='ltr'><strong>etl</strong></span> <span class='ocrx_word' id='word_1_410' title='bbox 495 4315 587 4354; x_wconf 87' lang='lat' dir='ltr'><strong>coxas</strong></span> <span class='ocrx_word' id='word_1_411' title='bbox 617 4309 712 4371; x_wconf 86' lang='lat' dir='ltr'><strong>usqne</strong></span> <span class='ocrx_word' id='word_1_412' title='bbox 734 4285 970 4368; x_wconf 74' lang='lat' dir='ltr'><strong>propentlercrt13</strong></span> <span class='ocrx_word' id='word_1_413' title='bbox 999 4277 1112 4338; x_wconf 89' lang='lat' dir='ltr'><strong>insulas</strong></span> <span class='ocrx_word' id='word_1_414' title='bbox 1136 4286 1236 4336; x_wconf 85' lang='lat' dir='ltr'><strong>autem</strong></span> <span class='ocrx_word' id='word_1_415' title='bbox 1260 4275 1331 4334; x_wconf 81' lang='lat' dir='ltr'><strong>illa&#39;s</strong></span> 
     </span>
     <span class='ocr_line' id='line_1_46' title="bbox 123 4361 1332 4468; baseline -0.027 -17"><span class='ocrx_word' id='word_1_416' title='bbox 123 4389 276 4468; x_wconf 69' lang='lat' dir='ltr'><strong>appellari</strong></span> <span class='ocrx_word' id='word_1_417' title='bbox 290 4384 452 4464; x_wconf 85' lang='lat' dir='ltr'><strong>Satyridas.</strong></span> <span class='ocrx_word' id='word_1_418' title='bbox 495 4381 577 4441; x_wconf 85' lang='lat' dir='ltr'><strong>llaec</strong></span> <span class='ocrx_word' id='word_1_419' title='bbox 591 4375 763 4439; x_wconf 85' lang='lat' dir='ltr'><strong>Pausanias.</strong></span> <span class='ocrx_word' id='word_1_420' title='bbox 807 4370 932 4448; x_wconf 81' lang='lat' dir='ltr'><strong>llelique</strong></span> <span class='ocrx_word' id='word_1_421' title='bbox 957 4364 994 4424; x_wconf 90' lang='lat' dir='ltr'><strong>da</strong></span> <span class='ocrx_word' id='word_1_422' title='bbox 1012 4365 1192 4440; x_wconf 83' lang='lat' dir='ltr'><strong>Satyrorum</strong></span> <span class='ocrx_word' id='word_1_423' title='bbox 1207 4361 1332 4440; x_wconf 81' lang='lat' dir='ltr'><strong>prosuae</strong></span> 
     </span>
     <span class='ocr_line' id='line_1_47' title="bbox 121 4445 1332 4552; baseline -0.03 -15"><span class='ocrx_word' id='word_1_424' title='bbox 121 4475 254 4536; x_wconf 80' lang='lat' dir='ltr'><strong>libidine</strong></span> <span class='ocrx_word' id='word_1_425' title='bbox 266 4473 499 4552; x_wconf 84' lang='lat' dir='ltr'><strong>tarpiaaimaqua</strong></span> <span class='ocrx_word' id='word_1_426' title='bbox 517 4463 699 4525; x_wconf 88' lang='lat' dir='ltr'><strong>contumelia</strong></span> <span class='ocrx_word' id='word_1_427' title='bbox 717 4469 747 4519; x_wconf 87' lang='lat' dir='ltr'><strong>et</strong></span> <span class='ocrx_word' id='word_1_428' title='bbox 762 4454 924 4536; x_wconf 82' lang='lat' dir='ltr'><strong>petulantia</strong></span> <span class='ocrx_word' id='word_1_429' title='bbox 938 4452 968 4511; x_wconf 89' lang='lat' dir='ltr'><strong>in</strong></span> <span class='ocrx_word' id='word_1_430' title='bbox 984 4448 1138 4508; x_wconf 88' lang='lat' dir='ltr'><strong>mulierem</strong></span> <span class='ocrx_word' id='word_1_431' title='bbox 1153 4447 1236 4506; x_wconf 88' lang='lat' dir='ltr'><strong>illam</strong></span> <span class='ocrx_word' id='word_1_432' title='bbox 1256 4445 1332 4515; x_wconf 87' lang='lat' dir='ltr'><strong>bar-</strong></span> 
     </span>
    </p>
   </div>
   <div class='ocr_carea' id='block_1_16' title="bbox 121 4541 1331 4632">
    <p class='ocr_par' dir='ltr' id='par_1_21' title="bbox 121 4541 1331 4632">
     <span class='ocr_line' id='line_1_48' title="bbox 121 4541 1331 4632; baseline -0.028 -10"><span class='ocrx_word' id='word_1_433' title='bbox 121 4559 235 4622; x_wconf 77' lang='lat' dir='ltr'><strong>baram</strong></span> <span class='ocrx_word' id='word_1_434' title='bbox 251 4559 312 4620; x_wconf 84' lang='lat' dir='ltr'><strong>illia</strong></span> <span class='ocrx_word' id='word_1_435' title='bbox 331 4555 474 4617; x_wconf 73' lang='lat' dir='ltr'><strong>meditem</strong></span> <span class='ocrx_word' id='word_1_436' title='bbox 496 4573 532 4612; x_wconf 84' lang='lat' dir='ltr'><strong>sc</strong></span> <span class='ocrx_word' id='word_1_437' title='bbox 559 4549 732 4632; x_wconf 85' lang='lat' dir='ltr'><strong>permissam</strong></span> <span class='ocrx_word' id='word_1_438' title='bbox 755 4541 872 4624; x_wconf 85' lang='lat' dir='ltr'><strong>pudore</strong></span> <span class='ocrx_word' id='word_1_439' title='bbox 892 4541 1053 4600; x_wconf 79' lang='lat' dir='ltr'><strong>revocatas</strong></span> <span class='ocrx_word' id='word_1_440' title='bbox 1076 4551 1137 4591; x_wconf 88' lang='lat' dir='ltr'><strong>nan</strong></span> <span class='ocrx_word' id='word_1_441' title='bbox 1157 4549 1331 4613; x_wconf 82' lang='lat' dir='ltr'><strong>persequar.</strong></span> 
     </span>
    </p>
   </div>
   <div class='ocr_carea' id='block_1_17' title="bbox 958 4619 1208 4716">
    <p class='ocr_par' dir='ltr' id='par_1_22' title="bbox 958 4619 1208 4716">
     <span class='ocr_line' id='line_1_49' title="bbox 958 4619 1208 4716; baseline -0.016 -34"><span class='ocrx_word' id='word_1_442' title='bbox 958 4619 1208 4716; x_wconf 51' lang='grc' dir='ltr'><strong>οε).</strong></span> 
     </span>
    </p>
   </div>
   <div class='ocr_carea' id='block_1_18' title="bbox 0 0 1461 5052">
    <p class='ocr_par' dir='ltr' id='par_1_23' title="bbox 0 0 1461 5052">
     <span class='ocr_line' id='line_1_50' title="bbox 0 0 1461 5052; baseline 0 0"><span class='ocrx_word' id='word_1_443' title='bbox 0 0 1461 5052; x_wconf 95' lang='lat' dir='ltr'><strong> </strong></span> 
     </span>
    </p>
   </div>
  </div>
 </body>
</html>
