2900 5050
391 313 472 406 nra.
495 317 517 380 r.
561 316 632 385 on.
653 311 779 382 xxxv.
821 337 852 381 v.
873 321 1000 386 a-ro.
1225 257 1298 387 ¹att

85 482 243 544 dominam
257 503 321 546 esse
329 484 678 570 romanamet-quera
689 505 754 546 esse
761 485 902 548 fortuitas
911 483 1100 562 arbitramur,
1116 506 1191 566 quae
1201 507 1297 567 neque

85 589 219 650 semper,
228 591 326 650 neque
340 572 528 653 plerumque,
541 593 638 653 neque
652 572 779 636 alicuius
790 571 834 634 rei
843 571 1032 651 grstiafiant,
1045 583 1075 633 st
1090 593 1217 652 quarum
1227 593 1294 633 cau-

85 675 140 714 sae
156 665 297 716 nunaunt
310 657 495 736 terminatae,
509 659 559 720 vsl
570 677 697 740 quarum
714 677 818 722 causas
833 657 1013 736 ignoramus,
1038 675 1174 734 cumeae
1189 677 1296 732 causas

85 759 152 800 non
166 741 228 801 sint
238 743 422 802 necesstriaa
431 761 443 818 ,'
462 753 492 804 st
504 763 574 804 cuns
591 765 694 804 earum
708 743 813 804 effecta
834 743 953 822 possint
968 761 1049 818 esse,
1070 743 1121 804 vel
1140 763 1201 804 nan
1222 741 1311 806 esss.‘

87 825 229 899 Quarum
242 834 342 889 autam
356 823 457 892 rerum
471 849 579 892 causae
592 840 663 890 sunt
677 827 765 890 nobis
779 827 900 907 quidem
915 827 1086 906 incognitae
1101 837 1132 890 et
1147 831 1295 905 occultae,

85 911 143 971 sad
157 909 358 976 necessariae:
383 930 484 974 earum
505 935 610 974 causas
631 914 801 976 necessitati
827 913 1014 974 ascribimus.
1056 911 1219 996 Propterea
1240 933 1296 974 au·-

86 1005 170 1071 tem,
202 995 302 1076 qnod,
325 1017 402 1076 qnae
421 999 697 1084 necessarialiunt,
726 999 945 1079 exploratione,
969 998 1114 1074 certiora,
1142 999 1295 1062 stabiliora
1408 1037 1411 1042 ·

88 1081 222 1160 denique
238 1091 324 1157 sunt,
347 1097 435 1164 quam
450 1073 682 1165 quss⁸lortuito,
704 1084 819 1144 iccirco
840 1085 995 1146 fortunam
1014 1085 1107 1146 anteit
1124 1086 1295 1146 necessitas.

85 1165 285 1228 Necessitatis
306 1177 405 1229 autem
425 1167 594 1232 firmitatem
615 1189 651 1230 ac
673 1169 864 1230 stabilitatem
885 1169 1041 1238 declarant
1061 1169 1140 1228 clavi
1157 1167 1295 1248 trabules,
1423 1213 1426 1220 ,

88 1252 331 1329 cunei,‚·nns·us,
353 1255 527 1334 plumbum:
549 1255 624 1318 baec
646 1255 841 1318 enimomnia
866 1254 905 1314 sd
924 1255 1128 1334 colligandum
1151 1254 1295 1316 tirmiter-

87 1357 150 1417 que
163 1339 380 1400 continendum
394 1341 507 1402 valent.
531 1340 692 1422 Appellant
704 1341 798 1422 porro
812 1341 919 1400 Graeci
931 1333 1137 1402 neceeiitstem
1149 1333 1295 1422 ἀνάγκην,

88 1441 217 1502 eamque
232 1425 371 1488 nonnulli
387 1426 510 1488 candent
524 1447 588 1487 essa
603 1427 712 1486 volunt
726 1436 817 1506 alque
833 1423 1035 1506 εἱμαρμένην,
1056 1423 1091 1486 id
1107 1434 1169 1502 est‘,
1191 1427 1294 1486 latum.

85 1507 195 1586 ltaque
213 1518 243 1570 et
258 1529 348 1589 supra
365 1510 469 1572 Horat.
493 1511 540 1591 [8,
553 1511 621 1592 82]
644 1509 716 1571 latii
733 1512 930 1572 necessitatem
949 1514 1084 1572 nominat
1100 1520 1228 1572 mortem
1242 1530 1295 1575 seu

85 1593 230 1670 Parcaru,
253 1603 284 1654 et
300 1595 403 1656 multis
416 1597 484 1656 aliis
499 1595 590 1672 locis,
615 1606 648 1656 ut
660 1597 699 1656 sd
716 1595 775 1666 od.
788 1615 836 1662 ιιι,
853 1595 1070 1660 annotavimus.
1113 1594 1176 1656 Alii
1191 1616 1292 1664 necea·

86 1679 210 1739 nitatem
230 1679 393 1740 Parcarum
413 1690 537 1742 matrem
553 1675 675 1742 facienti
718 1681 803 1740 Plato
823 1681 944 1760 quidem
962 1681 1013 1740 lib.
1035 1679 1142 1742 ultimo
1161 1682 1198 1742 de
1219 1683 1293 1762 lisp.

84 1765 280 1837 necescitati,
305 1775 341 1826 ut
362 1767 489 1842 Parcae,
512 1768 611 1834 fusum
635 1767 788 1842 attribuit,
811 1765 927 1840 colum,
950 1763 1077 1840 uncum,
1099 1765 1294 1828 verticilluna.

85 1849 173 1910 ldem
190 1849 221 1909 in
237 1851 357 1911 Timaeo
377 1845 481 1912 mundi
496 1851 680 1934 principium
699 1861 729 1913 et
745 1849 896 1929 originem
909 1872 926 1910 a
938 1851 1124 1912 necessitatis
1140 1861 1171 1912 et
1189 1853 1295 1912 ruentis
1342 1913 1351 1932 .

11 1955 12 1962 ¹
86 1935 315 2014 conspiratione
331 1937 433 2013 ducit,
455 1947 645 2016 mentemque
668 1935 835 2000 necessitati
852 1935 1147 2016 imperantem-‚dicit
1166 1937 1295 2016 plurima

87 2041 215 2093 eorum,
238 2037 314 2100 quae
336 2021 427 2100 fiunt,
449 2022 622 2084 modificare
645 2033 675 2082 et
696 2021 726 2082 in
752 2041 841 2100 quam
859 2022 1007 2100 optimum
1028 2019 1164 2082 habitum
1183 2020 1296 2096 fingere

11 2149 12 2154 .
87 2117 120 2166 et
136 2107 333 2168 conformate.
376 2107 605 2186 Intelligendum
622 2117 667 2168 est
689 2117 806 2184 autern,
827 2103 904 2164 haec
925 2106 1018 2176 fuisse
1035 2105 1117 2164 Antii
1136 2105 1169 2164 in
1191 2105 1296 2168 tabula

11 2225 13 2248 ι
88 2192 230 2292 depicta,
252 2211 328 2270 quae
340 2211 422 2256 nunc
438 2193 544 2304 liceat.
562 2193 650 2304 nobis
664 2190 878 2310 pulcherrimis
895 2191 1031 2257 versibus
1048 2191 1194 2272 expressa
1215 2211 1296 2274 pro-

11 2403 13 2410 .
88 2286 230 2428 Poeni&
253 2315 411 2424 cervos
441 2323 677 2428 crassabit]
706 2351 784 2414 clavi
814 2347 963 2432 tribulas,
993 2369 1089 2423 uncus
1108 2357 1139 2409 et
1163 2357 1296 2423 caetera,

89 2467 170 2528 quae
186 2447 356 2508 necessitati
370 2446 563 2526 tribuuntur,
586 2439 739 2524 pertinent
752 2441 801 2500 vel
817 2441 855 2500 sd
871 2435 1095 2518 exprimendam
1111 2433 1295 2494 necessitatis

89 2533 155 2592 vim
176 2551 211 2591 ac
231 2531 414 2612 potentiam,
438 2533 487 2592 vel
509 2529 611 2611 potius
628 2527 666 2586 ad
687 2511 908 2604 signilicaudam
928 2522 1097 2582 firmitatem
1121 2539 1156 2579 sc
1176 2519 1295 2580 stabili-

12 2647 14 2660 >
89 2627 193 2678 tatem.
237 2615 496 2689 Quemadmodum
516 2615 593 2676 enim
615 2611 691 2672 baec
711 2611 809 2670 omnia
826 2611 877 2670 vel
896 2608 958 2667 virn
982 2605 1127 2682 afferunt,
1150 2613 1182 2664 et
1207 2604 1298 2666 athis

12 2749 14 2762 .
88 2703 202 2764 bentur
227 2701 266 2762 ad
292 2703 495 2782 torquendum
526 2709 556 2762 et
579 2698 791 2770 cruciandum,
823 2694 989 2756 telvnlent
1013 2691 1051 2750 ad
1071 2690 1296 2766 continendum,

87 2786 288 2849 vinciendum
301 2809 337 2847 ac
357 2787 549 2848 firmandum:
572 2786 617 2850 sio
634 2784 794 2844 necessitas
816 2780 946 2860 primurn
968 2775 1076 2858 quovis
1098 2771 1227 2857 inipellit
1247 2776 1297 2836 in-

86 2875 189 2946 vitos,
218 2893 316 2951 neque
338 2874 497 2954 quisquam
522 2891 585 2932 eam
608 2869 752 2948 affugere,
774 2867 870 2944 neque
897 2864 1153 2942 domare,neque
1175 2861 1298 2924 flectere

86 2967 211 3042 pateat,
242 2957 349 3020 deinde
369 2960 409 3020 ad
427 2955 661 3043 perpetuitatem
682 2953 743 3012 lixa
765 2961 795 3012 et
817 2950 931 3010 stabilis
955 2958 1015 3023 est,
1046 2947 1122 3008 adeo
1143 2955 1179 3008 ut
1199 2967 1298 3024 neque

12 3039 13 3044 ἵ
87 3045 285 3118 labefactari,
312 3053 411 3124 neque
432 3041 564 3118 moveri,
597 3059 695 3118 neque
723 3036 807 3120 religi
838 3024 943 3118 possit.
986 3035 1063 3094 Sunt
1089 3041 1189 3112 putem
1218 3029 1299 3094 claui

88 3125 242 3204 trabales,
270 3129 378 3208 quibua
401 3129 502 3190 trabes
529 3125 733 3204 conliguntur:
770 3141 847 3200 quos
873 3137 993 3182 necessa
1019 3127 1065 3179 est
1094 3117 1298 3196 magnitudine

12 3225 13 3236 ¹
88 3223 256 3296 praestare.
277 3215 358 3276 unda
382 3215 594 3296 prouerbium,
625 3208 710 3272 alnoo
730 3203 843 3266 trabali
853 3207 958 3288 figere.
1001 3203 1041 3264 M.
1065 3203 1144 3264 Tull.
1168 3203 1299 3266 Verrina

12 3295 13 3308 ¹
90 3302 130 3360 de
150 3299 323 3379 suppliciis,
351 3299 474 3376 [Act.n,
491 3306 521 3366 6.
542 3307 594 3373 21,
609 3294 674 3374 58]
695 3308 727 3357 ut
748 3288 805 3352 boc
829 3287 999 3372 beneficium
1030 3282 1298 3370 (quemadmodum

13 3421 15 3434 ι
90 3383 216 3461 dicitnr)
240 3370 324 3451 nidva
339 3383 451 3446 trabali
454 3386 563 3467 figeret
570 3421 586 3460 ,·
599 3383 632 3444 it
649 3389 710 3454 est,
734 3375 924 3437 confirmaret
938 3383 967 3434 et
981 3371 1202 3434 constabilirem
1230 3373 1298 3432 cta-

89 3491 150 3530 vos
171 3470 377 3530 adamantinos
403 3470 541 3533 attribuit
563 3465 732 3530 necessitati
756 3461 813 3522 od.
833 3479 918 3522 xrrv.
942 3459 994 3520 lib.
1012 3465 1042 3526 3.
1070 3459 1111 3538 [u.
1132 3456 1174 3535 5.]
1196 3465 1299 3516 noster

89 3555 199 3616 Horat.
209 3559 234 3631 ,''·
242 3553 278 3614 Si
281 3557 357 3637 figat
368 3553 577 3616 adamantinos
599 3551 728 3614 Summis
750 3543 908 3608 uerticibus
928 3541 996 3606 dira
1013 3545 1167 3602 necessitas
1183 3537 1306 3616 Cleuas,
1377 3619 1381 3626 ἢ

90 3663 154 3702 non
176 3641 308 3700 animum
330 3655 422 3716 mnu,
455 3639 527 3700 Nan
547 3639 650 3700 martis
671 3635 784 3718 laqueis
811 3627 949 3712 expedies
975 3641 1073 3708 capnt.
1117 3625 1300 3687 Necessitate

92 3725 288 3800 antemnibil
304 3746 369 3786 esse
383 3725 536 3805 pote'ntius
553 3745 620 3784 curn
635 3718 688 3780 alii
708 3717 794 3778 multi
815 3725 880 3775 tum
904 3713 1062 3794 Euripides
1085 3713 1127 3772 ait
1141 3713 1173 3772 in
1187 3711 1300 3792 Helena
1399 3744 1404 3762 .

91 3809 144 3870 his
161 3812 276 3886 verbis,
291 3809 331 3890 [v.
345 3814 408 3876 513
422 3831 466 3890 sq.
488 3811 534 3872 ad.
546 3806 667 3886 natum]
689 3799 775 3896 λργος
787 3795 845 3884 yda
864 3801 944 3864 ἐστιν
966 3791 1022 3862 crin
1036 3793 1124 3880 ἐμάς,
1146 3801 1253 3877 σοφῶν
1274 3789 1300 3860 d'
1396 3791 1404 3847 T

94 3895 184 3972 ἔπος,
208 3888 320 3976 Arteria
335 3891 471 3978 α’νάγκηζ
485 3890 575 3960 otidis
592 3887 707 3972 ἰσχύειν
720 3888 836 3958 nilon..
891 3949 895 3956 ,
1004 3967 1011 3982 ⁶

172 3987 231 4049 ⁸18.
254 4003 299 4041 ea
327 4002 474 4042 cunnos
503 3999 608 4053 aranu
631 3973 757 4054 Gran]
787 3971 889 4032 cuneis
909 3969 1027 4030 insertis
1049 3989 1109 4028 non
1134 3967 1232 4026 solunt
1251 3984 1299 4026 rea

92 4077 336 4148 perrumpuntur
357 4076 386 4128 st
406 4067 577 4140 finduntur,
608 4072 644 4122 ut
662 4062 714 4122 lib.
737 4066 765 4126 1.
790 4060 896 4135 Georg.
926 4055 970 4136 [v.
996 4053 1081 4130 144]
1110 4051 1189 4110 Nam
1209 4049 1301 4130 primi
1350 4079 1353 4086 ·

94 4155 196 4214 cuneis
211 4151 385 4214 scindebant
387 4149 488 4234 fissile
503 4149 624 4231 lignum.
651 4158 680 4208 et
695 4144 817 4206 Tuscul.
833 4149 863 4208 Ξ.
880 4139 945 4220 [10,
962 4137 1024 4221 23]
1048 4135 1116 4197 Hos
1131 4131 1182 4196 ille
1193 4155 1300 4194 cuneos

82 4235 219 4322 fabrica
242 4234 355 4298 crudeli
377 4239 517 4308 inserens,
546 4233 681 4314 Perrupit
701 4245 800 4292 arnas:
834 4227 887 4288 sed
914 4227 1004 4286 etiarn
1027 4224 1238 4316 continentur,
1265 4227 1301 4280 ut

14 4347 15 4352 ¹
93 4321 264 4400 intelligere
281 4321 351 4382 licet
365 4343 402 4382 ax
419 4315 550 4392 vitruvii
566 4320 618 4391 lib.
638 4323 685 4382 10.
703 4335 768 4394 cap.
786 4317 835 4380 10.

184 4413 236 4474 20.
259 4409 306 4468 Urs
318 4405 396 4486 aus]
419 4426 498 4468 unco
514 4405 676 4467 utebantur
691 4401 806 4478 antiqui
822 4395 860 4460 ad
878 4397 1028 4458 cruciatus
1040 4401 1070 4452 et
1086 4385 1299 4450 maleficiorum

94 4513 221 4574 poenas.
265 4493 305 4554 bl.
329 4493 411 4554 Tull.
433 4491 542 4570 Philip.
564 4499 590 4553 1.
619 4488 665 4569 [9,
683 4484 728 4568 5.]
752 4507 844 4545 urscus
865 4483 1010 4580 impactae
1030 4491 1072 4538 est
1081 4475 1219 4560 fragilium
1243 4471 1292 4536 illi
1350 4553 1354 4582 ,

96 4583 183 4642 sust
201 4579 234 4670 iu
250 4579 350 4656 liber.
368 4583 409 4654 [c.
421 4582 485 4654 64.]
508 4575 620 4640 Putant
634 4571 779 4636 Neronem
799 4567 842 4630 ati
860 4565 1058 4668 uolumenum
1082 4577 1202 4624 mortem
1222 4580 1300 4622 coo-

927 4647 955 4728 t
1022 4707 1025 4719 .
