2908 5056
408 301 491 392 utu.
513 255 573 364 111]
614 291 685 364 ou.
706 301 743 365 v.
777 303 1046 376 ἰω-ὀᾶ·
1239 305 1301 371 271

95 475 234 552 tenelsm‚
256 473 309 536 sed
334 491 424 536 msnu
447 482 477 536 st
497 472 625 538 victorie
647 495 711 540 esse
730 474 933 554 retinendam,
947 465 1006 552 «et,
1035 473 1154 538 ei·'belli
1180 475 1304 540 lomene

95 563 256 623 victoriam
274 559 413 622 hostibus
433 560 600 637 adiudicet,
621 583 677 642 pro
700 562 855 637 libertate,
878 572 909 622 et
928 563 959 620 in
976 559 1117 642 libertate
1134 562 1304 633 cedendum

91 637 162 712 ‘sese
177 648 288 728 patine,
312 667 402 728 qusm
416 644 511 708 hastis
525 644 671 708 beneficio
686 647 718 708 iu
732 648 879 708 servitute
894 646 1070 724 vivendum,
1092 667 1209 728 pacem,
1226 667 1305 726 quse

95 735 182 794 nulls
199 733 290 793 debet
305 753 369 794 esee
384 751 453 793 cum
469 731 572 810 hoste,
597 733 739 812 quamdiu
754 735 817 794 vitu
834 731 981 813 suppetit,
1002 733 1059 792 nisi
1073 715 1164 794 armis
1182 741 1237 794 sut
1252 733 1306 794 vi-

97 819 192 882 ctoris
210 817 340 898 ereptis,
364 827 416 878 sut
433 819 605 879 eruditione
618 819 742 900 positis,
766 817 928 885 cunibello
945 818 1093 878 confudit.
1143 826 1153 841 ¹
1195 842 1215 867 -·
1341 864 1343 880 .

183 910 234 970 88.
258 905 397 964 Pscsss
417 923 574 964 nusuuo
596 895 721 988 scisci]
752 904 835 986 quod
858 905 998 964 nonfuit
1020 903 1213 964 faciendumt
1235 908 1324 964 nsm‘

73 993 127 1063 .in
142 991 223 1051 belle
237 1009 306 1049 cum
322 989 409 1049 hosts
422 990 534 1052 scs-iter
547 999 577 1052 et
588 991 819 1072 implacabiliter
831 991 1042 1072 pugnandume
1063 991 1095 1052 in
1109 1009 1186 1070 pecs
1202 987 1240 1049 sb
1254 1009 1306 1050 sr-
1360 1029 1366 1042 ·

95 1068 154 1136 mis
172 1075 384 1137 recedendum.
520 1134 526 1147 .
791 1117 793 1122 .
928 1125 930 1131 Α
1303 1070 1307 1080 ’

182 1165 233 1228 39.
254 1162 497 1242 Ριιοηοεη]
519 1162 694 1244 flagitiosis,
716 1160 875 1242 turpibus,
895 1156 1161 1242 vituperabilibus.

182 1253 234 1316 «11.
257 1248 310 1306 Ur
334 1267 484 1307 csrsrrs
505 1247 654 1332 serron]
678 1259 711 1308 ut
726 1250 826 1330 cupite
841 1249 984 1307 minutub.
1010 1247 1184 1308 dictumest
1204 1254 1305 1306 sutem

96 1333 204 1416 capitis
217 1333 315 1393 minor
330 1332 434 1392 eedem
449 1333 575 1408 ratione,
598 1355 656 1416 qus
673 1349 806 1394 maturus
821 1334 903 1410 aevi,
924 1333 1035 1414 integer
1049 1333 1128 1392 vitae
1142 1341 1172 1392 et
1186 1331 1304 1408 similis,

96 1417 267 1498 dequibus
285 1417 355 1478 vide
375 1430 476 1480 annot.
501 1420 540 1485 sd
561 1421 619 1482 ou.
633 1441 712 1480 xxrs.
733 1419 788 1480 lib.
806 1424 835 1484 1.
860 1419 1027 1478 Germanus
1050 1417 1157 1478 Valens
1174 1417 1304 1494 dicebet,

96 1503 323 1582 intelligendum
339 1503 391 1564 liic
405 1503 463 1566 sibi
482 1503 580 1566 uideri
597 1506 707 1587 cepitis
729 1503 942 1579 minutionem,
966 1523 1024 1584 qus
1039 1503 1165 1564 libertus
1182 1501 1313 1584 quidem.

4 1655 8 1672 .
96 1599 128 1650 et
152 1589 259 1650 civitas
281 1591 467 1666 retinentur,
491 1601 587 1672 status
613 1611 687 1652 vero
714 1599 864 1652 mutetur:
893 1609 953 1670 qus
981 1591 1072 1650 dere
1101 1589 1307 1650 consulendae
1368 1605 1385 1646 ‚⁸

95 1684 167 1735 sunt
188 1674 393 1735 institutiones
417 1677 491 1736 iuris
521 1678 629 1738 civilis.
685 1679 866 1738 Germanum
886 1675 1042 1738 Valentem
1067 1675 1190 1737 adiuvat
1213 1674 1303 1753 illud,

23 1743 42 1864 ι
95 1759 178 1840 quod
195 1761 300 1821 scribit
314 1763 352 1822 M.
366 1762 485 1822 Tullius
499 1763 552 1823 lib.
567 1769 596 1830 8.
612 1765 649 1826 ds
663 1765 749 1825 offic.
766 1763 796 1838 [l.
811 1763 844 1838 l.]
860 1763 1031 1823 sententialis
1047 1763 1078 1822 in
1092 1776 1194 1822 senatu
1207 1757 1304 1822 eiicere
1380 1803 1384 1822 .

95 1849 257 1922 recusavit,
279 1843 361 1929 quoti
385 1845 509 1925 diceret,
538 1849 681 1934 quamdiu
704 1845 894 1910 iureiurando
915 1847 1042 1910 bostium
1062 1861 1221 1924 teneretur,
1243 1867 1303 1908 noes

94 1947 379 2008 esseseeenatoreen.
414 1939 418 1952 “

180 2022 221 2084 43
238 2039 284 2099 sq.
308 2018 359 2078 Er
380 2037 549 2080 vrnrurss
570 2021 727 2082 Tos'vus
749 2039 849 2080 nustr
868 2016 1036 2098 ennete]
1061 2025 1092 2078 et
1106 2017 1195 2077 vultu
1209 2025 1301 2078 torvo

77 2135 80 2140 ·
95 2103 201 2164 oculos
216 2103 247 2163 in
262 2103 347 2164 terrs'
361 2103 476 2168 defixo·
489 2103 638 2168 habuisse.
657 2105 719 2168 boc
734 2107 918 2184 loco'gestus
933 2115 978 2166 est
994 2105 1170 2179 constantis,
1179 2114 1215 2163 ut
1231 2102 1303 2162 alibi

97 2191 242 2274 (libemus.
267 2206 381 2264 toruus,
402 2185 524 2272 ὑπόδρα
538 2187 620 2256 idcir.
640 2192 729 2273 epist.
745 2192 783 2253 sd
797 2193 928 2256 Maecen.
942 2198 971 2259 3.
988 2195 1085 2270 [1,19,
1105 2194 1169 2266 12]
1196 2184 1303 2272 Quiri?

59 2313 63 2320 »
94 2278 204 2362 siquis
219 2293 302 2338 torvo
317 2273 399 2336 vultu
408 2275 495 2364 serus
509 2293 536 2338 et
548 2275 621 2359 pecie
634 2275 714 2340 nudo
730 2290 785 2340 etc.

178 2367 229 2430 45.
253 2365 381 2422 Donec
403 2381 619 2424 mensurius
641 2365 845 2446 coner-uro]
871 2363 946 2426 ordo
967 2373 1029 2442 est,
1052 2363 1157 2427 Donec
1176 2359 1301 2426 masilia

1 2459 5 2463 ·
93 2466 253 2532 numquam
274 2447 352 2510 alias
371 2433 590 2534 datossmaret
611 2451 888 2531 penestrinensi,
910 2451 943 2512 id
963 2443 1026 2529 esi,
1049 2452 1198 2512 nutenteis
1217 2461 1247 2511 et
1269 2450 1303 2510 in

93 2542 177 2592 certe
200 2535 346 2596 sententis
367 2555 426 2595 non
448 2539 646 2613 constenteis,
670 2557 723 2597 seu
740 2539 937 2621 dubitanteis,
958 2539 1009 2599 vel
1027 2559 1088 2598 uon
1102 2539 1173 2600 satie
1189 2537 1302 2612 ἣῐηιοε,

69 2637 156 2703 pou
180 2622 250 2676 setis
273 2631 355 2677 recto
377 2621 563 2684 sentienteis.¹
585 2621 647 2679 huc
667 2626 797 2700 pertinet
819 2625 897 2686 illud
918 2625 1102 2702 Ennianum,
1128 2622 1195 2704 Qec
1217 2621 1302 2684 vebis

91 2715 217 2778 mentes,
239 2717 336 2763 rectae
349 2724 425 2784 quae
442 2717 522 2764 stare
536 2701 670 2764 solebant
685 2706 840 2783 Antehac,
864 2709 1007 2772 clementes
1020 2713 1203 2800 sesefleoeere
1214 2705 1302 2770 viai?

92 2787 138 2845 sic
157 2799 258 2847 eutem
279 2797 466 2868 postremum
487 2809 607 2858 versum
623 2792 763 2872 restitui,
786 2793 838 2875 qui
854 2793 899 2854 sic
913 2795 1005 2873 vulgo
1025 2797 1153 2874 legitur,
1175 2789 1303 2855 elementi

22 2927 36 2946 ,
90 2895 152 2932 rese
165 2874 277 2948 flexere
291 2869 403 2936 ruina?
514 2879 518 2887 '
571 2925 574 2932 ⁴
966 2914 969 2922 ι
1070 2889 1073 2899 ’

180 2963 231 3024 49.
255 2961 386 3026 Arcur
416 2979 596 3038 sereser,
629 2981 728 3031 Ques
757 2960 860 3046 suus]
888 2963 956 3027 M’.
984 2961 1128 3047 Regulum
1148 2959 1301 3044 illigatum
1371 3029 1375 3040 ,

88 3042 282 3104 ire'snncln'na
304 3045 419 3104 resectis
436 3044 588 3126 palpebris
604 3044 857 3130 Karthagiaenser
875 3047 1030 3130 uigilando
1054 3063 1237 3124 necaverunt,
1259 3048 1304 3126 Mt

89 3127 170 3190 Tull.
184 3129 215 3188 in
232 3129 330 3192 Pison.
348 3127 411 3208 [19.
428 3129 492 3210 45.]
515 3133 597 3192 idem
612 3133 651 3194 de
668 3134 794 3200 Office-
812 3133 875 3214 [27.
886 3135 971 3214 1001
993 3157 1085 3218 neque
1099 3150 1196 3194 ramere
1212 3136 1301 3215 ignu-
1390 3150 1392 3160 '

90 3212 196 3288 rabat,
218 3235 248 3273 se
264 3207 307 3272 asi
321 3211 553 3277 crudelissimum
570 3217 679 3278 bostem
701 3235 729 3278 et
742 3217 955 3303 adexquisitas
975 3218 1124 3302 supplicia
1137 3218 1299 3306 proficisci,

89 3295 143 3360 secl
159 3295 362 3358 iusiurandum
380 3300 609 3362 conservantium
624 3301 760 3384 putabat.
891 3315 894 3320 '
1039 3327 1041 3332 ·

178 3387 230 3450 51.
251 3385 340 3446 llus.
372 3405 473 3444 ouer.
495 3387 623 3468 enon]
647 3389 725 3449 liber
745 3389 833 3452 Rein.
856 3389 942 3450 eard.
959 3387 1050 3450 hebet
1068 3389 1190 3452 anticos.

176 3469 492 3550 cenomanen]
520 3467 705 3548 tardantem,
728 3474 950 3555 impedientem.
974 3473 1121 3555 significet
1141 3476 1299 3538 sotionem.

89 3553 180 3615 aliter
199 3556 229 3613 in
251 3555 313 3631 od,
329 3561 386 3618 vu.
399 3555 451 3616 lib.
463 3562 494 3622 2.
519 3555 559 3636 [v.
574 3559 618 3641 6.]
641 3567 802 3620 morantem
819 3559 896 3622 diem
915 3559 1002 3625 uixit.

176 3641 227 3709 54.
252 3641 500 3701 Ducurcsrs
521 3643 640 3728 mre]
669 3655 835 3722 transacta,
859 3645 981 3707 decisa.¹
1173 3681 1175 3688 v
1353 3709 1357 3716 ,

151 3789 153 3794 ,
176 3729 228 3794 56.
248 3725 450 3804 Truncus]
476 3727 702 3807 meditamine,
724 3732 784 3792 iter
806 3729 940 3808 hebens,
968 3740 1004 3792 ut
1024 3730 1111 3813 epist.
1135 3730 1174 3794 sd
1194 3731 1300 3799 Vulnus

88 3809 145 3873 lib·
163 3815 192 3876 l'·
210 3810 275 3891 [15.
292 3811 355 3889 11.]
378 3810 572 3894 querendis?
593 3839 650 3876 nore
666 3815 741 3876 mili
757 3814 866 3879 Guneus
880 3815 934 3877 Est
947 3819 1011 3880 s'ter.

174 3897 228 3964 55.
252 3895 533 3979 vicarianos]
567 3899 731 3984 Venafrum
757 3903 903 3984 oppidum
924 3903 956 3962 in
976 3903 1152 3984 (lampenis,
1173 3912 1210 3964 ut
1231 3922 1299 3986 supe

88 3979 222 4042 diximus
237 3981 275 4041 sd
294 3981 406 4046 Od.v1.
424 3982 479 4043 lib.
494 3989 524 4049 Ξ.
542 3989 583 4059 [v.
599 3991 659 4061 15.]
685 3986 721 4047 V
717 3986 844 4071 iridique
860 4003 952 4050 certat
968 3998 1023 4050 etc.

173 4071 228 4134 56:
257 4069 626 4154 Lscsusessonrusr]
657 4093 674 4132 s
698 4073 844 4135 Phalanto
865 4059 1104 4138 Lscedsemcnio
1131 4075 1297 4138 conditum.

41 4149 518 4236 ,ffimfflzwssffl
685 4170 688 4178 ’
