2884 5044
1217 335 1286 388 1¹!

92 485 206 569 m,
234 497 401 575 stmulo,
432 489 575 574 m,
606 469 730 574 hmo,
767 481 880 556 (hmo
905 497 942 556 Oi
970 477 1160 576 flimiiihn,
1197 479 1297 560 Μ’

93 597 220 678 praeter
245 599 419 662 naturam
441 579 602 682 liquidae
627 609 685 676 m,
716 607 812 684 quae
837 603 892 658 ert
924 577 1058 660 borum
1088 587 1282 665 verborum

94 682 194 754 littera
219 681 496 782 quedammodo
523 683 705 786 genitalis,
732 685 770 760 itl
796 705 868 784 est,
900 685 1151 788 nquaceteri
1177 685 1280 764 modi

94 805 274 886 ceteraque
301 805 466 888 tempora
493 787 661 864 oriuntur
688 815 730 864 ac
759 789 981 890 gignuntur,
1014 813 1124 891 quun
1150 790 1279 890 Graeci

91 887 405 966 abaratteristiearn
427 889 619 1011 appellarit,
645 889 743 985 diuo,
760 891 920 992 inquam,
946 915 1087 996 praeter
1105 891 1201 968 illiue
1221 893 1279 968 lit·

91 1013 174 1066 teuc
195 1013 369 1066 murm
389 1022 421 1092 p
443 1021 482 1068 ru
506 1019 633 1070 enrum
650 995 851 1094 praeteritis
873 1015 909 1074 et
928 996 1067 1096 supinis
1088 994 1280 1096 interponit
1341 1067 1343 1077 r

89 1094 170 1170 Nam
186 1093 336 1196 liquida
348 1121 400 1190 aa,
426 1123 519 1198 qnare
536 1097 607 1174 luit
619 1097 656 1172 iu
672 1099 875 1198 praesenti,
898 1096 956 1174 rel
972 1097 1120 1200 peritia
1139 1111 1282 1198 praete*

89 1199 162 1292 rito,
177 1217 368 1298 ntprema
378 1205 523 1300 presai,
549 1199 624 1294 rel,
647 1201 679 1275 ai
704 1202 798 1276 torte
818 1223 996 1298 serrum,
1018 1201 1155 1278 nullam
1178 1225 1281 1301 prat·

90 1319 174 1376 terea
197 1299 349 1378 arturiait
374 1324 653 1397 consonantem,
687 1323 729 1377 ut
760 1333 843 1382 amu
871 1311 962 1400 emi,
998 1333 1108 1404 geme
1131 1309 1301 1403 gemat:-

87 1403 248 1506 idcnque
272 1403 322 1512 de
344 1405 485 1508 liquida
508 1437 534 1483 u
549 1407 798 1503 unctulum,
823 1413 968 1486 utrina
982 1415 1073 1503 sini,
1092 1435 1196 1507 pum
1207 1435 1281 1506 ρο·
1363 1505 1367 1514 .

88 1513 158 1604 rui,
188 1535 330 1606 sperma
352 1516 514 1608 spraud,
534 1511 731 1610 inquibus
759 1512 869 1612 perit:
901 1539 995 1588 cauo
1019 1516 1153 1608 cecini,
1179 1533 1279 1609 geren

88 1637 142 1686 aen
162 1617 283 1710 gigno
302 1617 458 1712 gignet,
489 1615 528 1688 ia
544 1615 676 1715 quibus
696 1615 883 1694 retinetur.
925 1621 962 1690 P
976 1635 1096 1690 autem
1115 1614 1153 1688 in
1176 1639 1281 1714 prce«

88 1712 188 1788 teritis
222 1741 355 1790 aarum
382 1719 575 1792 uerborum
601 1718 787 1794 duntaxat
808 1717 1018 1812 intercedit,
1050 1717 1225 1818 quorum
1240 1715 1295 1790 iu'

88 1817 254 1918 presenti
270 1819 369 1917 rell>
383 1820 496 1894 inercit
508 1821 569 1896 'rel
587 1820 664 1896 ‘ltoc
687 1821 803 1922 ipaunr
814 1849 859 1920 p,
885 1819 1004 1922 qualia
1028 1841 1112 1898 tunt
1127 1823 1279 1915 aarum,

88 1923 215 2014 acribo,
239 1923 362 2017 raudo,
378 1927 533 2022 'uuas
550 1949 677 2024 corpu,
702 1929 824 2024 rapio.
876 1923 970 2000 Nam
990 1927 1014 2000 b
1037 1943 1075 1996 et
1094 1923 1296 2020 ptituraa

88 2045 162 2098 sunt
189 2024 292 2098 inter
313 2052 356 2100 sc
388 2025 516 2100 adfines
540 2049 578 2102 et
601 2047 773 2130 cognatae
798 2027 980 2130 facileque
1002 2021 1111 2108 altera
1131 2025 1170 2098 in
1192 2025 1281 2099 alte·

89 2126 154 2198 rius
172 2129 299 2202 locunt
318 2128 463 2234 migrat,
488 2129 596 2232 quod
617 2131 710 2205 item
728 2129 775 2205 de
796 2157 834 2204 m
852 2153 890 2205 ct
905 2159 939 2229 p
965 2127 1040 2204 dici
1061 2153 1137 2203 non
1149 2143 1283 2226 potest,

89 2255 172 2327 quae
195 2231 340 2314 litterae
365 2223 414 2306 iti
436 2257 523 2308 suut
547 2235 641 2315 inter
671 2232 712 2308 'ae
742 2233 935 2308 dissimiles
964 2253 1001 2306 et
1026 2230 1209 2332 dispares,
1238 2248 1280 2306 ut

88 2333 186 2408 altera
209 2361 298 2408 cum
324 2337 643 2438 altera'nun'quam
664 2337 879 2412 commutari
905 2336 1026 2436 possit.
1076 2335 1152 2408 Iam
1177 2345 1279 2428 veru,

88 2433 309 2536 inquorum
327 2439 521 2514 verborum
542 2439 748 2539 'praeteritis
766 2469 798 2538 p
825 2433 937 2533 inest,
974 2457 1014 2510 ut
1038 2437 1077 2510 in
1102 2435 1173 2532 his,
1200 2452 1281 2512 aar*

85 2543 157 2636 pri,
187 2545 328 2637 arripui
335 2595 346 2636 ,
371 2549 484 2640 mtpni
490 2597 502 2635 ,
534 2547 692 2640 sculpsi,
718 2547 863 2640 carpsi,
895 2537 1012 2636 rapui
1037 2557 1073 2610 et
1093 2536 1279 2632 similibus,
1310 2625 1312 2636 Ι

91 2641 235 2716 etian'rin
253 2643 472 2718 eorumdem
496 2643 635 2744 supinis
653 2643 901 2744 prepetitur,
925 2661 967 2716 ut
984 2655 1164 2738 aerptmu,
1188 2643 1281 2714 acri·

83 2761 192 2841 ptura,
215 2757 386 2844 nuptm,
401 2752 598 2851 sculptum,
620 2762 802 2846 unrptum,
816 2763 967 2844 mptum
985 2765 1022 2818 et
1040 2742 1163 2817 simil:
1192 2741 1280 2816 alio·

89 2845 145 2946 qui
159 2843 313 2922 ¹nullum
337 2851 414 2924 eius
438 2851 478 2922 iu
501 2853 631 2950 sumto
654 2851 843 2951 vestigium
858 2871 1032 2947 apparere
1055 2845 1178 2924 debet
1205 2843 1282 2920 Ne·

90 2977 153 3048 que
176 2978 235 3025 mc
261 2973 385 3028 movet
410 2953 499 3027 alius
519 2953 667 3055 quidam
686 2951 816 3028 nobilis
839 2949 1100 3051 grammaticus,
1125 2947 1189 3047 qui
1210 2967 1281 3020 tra·
1339 2965 1344 2974 ·

92 3051 173 3126 didit
186 3083 225 3128 m
244 3077 330 3128 ante
359 3053 465 3142 tsine
485 3083 514 3152 p
531 3065 681 3158 propter
696 3054 974 3156 euphonismum
1000 3051 1108 3126 scribi
1122 3077 1196 3136 non
1222 3075 1281 3128 ιο·

90 3155 165 3234 lere.
214 3157 334 3259 Atqui
366 3159 590 3257 cacophonia
625 3181 678 3234 cst
713 3159 850 3278 potius:
890 3158 1005 3230 multo
1040 3153 1137 3228 enim
1161 3151 1289 3226 le'nior‘

92 3279 122 3330 et
143 3257 284 3335 facilior
311 3281 347 3336 et
377 3261 526 3358 *suavior
552 3261 798 3362 pronuntiatio
831 3279 884 3333 est
914 3255 1045 3332 harum
1069 3281 1204 3332 vocum
1230 3254 1281 3327 itn

92 3361 293 3462 scriptarum
325 3365 405 3438 sine
438 3391 466 3460 p
503 3382 682 3460 sumtum,
720 3379 956 3456 contemtum,
993 3371 1184 3458 promtum
1212 3371 1280 3432 etc.

93 3461 138 3538 Eo
161 3487 280 3540 autem
313 3487 479 3568 tempore
511 3487 591 3542 nata
626 3489 680 3542 cst
706 3465 797 3540 haec
829 3465 953 3539 vitiosa
980 3461 1160 3562 scribendi
1185 3484 1281 3534 con-

93 3567 260 3661 suetudo,
285 3595 363 3670 qun
385 3590 550 3670 tempore
572 3569 754 3645 barbarior
775 3567 1048 3669 ignorantiaque
1064 3561 1183 3680 bntini
1206 3589 1282 3636 scr-
1307 3559 1311 3566 ’

92 3673 199 3744 monis
224 3699 302 3747 non
327 3671 439 3748 modo
464 3671 618 3748 Galliam
645 3695 820 3766 nostram,
857 3695 982 3746 rerum
1013 3665 1118 3740 etiam
1143 3665 1282 3740 ltaliam

93 3795 292 3885 ceterasque
318 3775 416 3852 urbia
438 3793 621 3850 terrarum
645 3775 779 3876 parteis
808 3791 1041 3874 occuparant,
1060 3769 1107 3843 ¹et
1133 3767 1281 3870 quidem

94 3899 129 3948 ex
148 3903 272 3952 eorum
292 3879 415 3980 inepta
435 3877 609 3980 opinione
627 3898 729 3972 nata,
755 3877 824 3977 qui
843 3873 1116 3967 arbitrabantur,
1130 3873 1179 3946 'm
1199 3891 1281 3946 ante

94 4001 172 4054 aet
211 3996 228 4055 t
264 3981 341 4054 aine
376 4007 406 4076 p
437 4006 558 4084 neque
591 3981 699 4056 scribi
731 3979 863 4054 debere
895 4003 1015 4078 neque
1053 3973 1283 4076 pronuntiari

94 4107 198 4180 posse.
248 4082 416 4162 Indidem
449 4083 584 4160 horum
615 4085 874 4159 vocabulorum
906 4077 1110 4157 foedissima
1137 4096 1174 4152 et
1199 4103 1283 4150 cor-

96 4185 282 4283 ruptissirna
318 4187 496 4286 scriptura
529 4185 707 4281 manavit,
740 4213 848 4287 quae¹
866 4186 970 4259 stiam
1001 4183 1040 4257 in
1065 4179 1282 4282 quibusdam

96 4285 184 4362 libris
207 4289 456 4385 manuscriptis
479 4309 590 4389 atque
616 4287 707 4366 adeo
729 4290 769 4362 in
796 4287 980 4364 nonnullis
1003 4295 1164 4360 ueterum
1190 4311 1282 4358 mar·

98 4415 227 4466 morum
249 4391 460 4495 fragmentis
483 4391 680 4493 repetitur,
716 4397 878 4491 hiemps,
911 4405 1144 4486 contempno,
1177 4392 1281 4460 dam·

96 4509 241 4592 paatm,
287 4510 507 4597 amempua,
551 4501 779 4598 solempnis,
824 4497 1282 4675 alumpnupss,2tampturc,
1346 4611 1350 4616 .
