2882 5048
398 247 403 261 =
487 231 630 296 onxs.
671 198 890 304 ejus-10.¹
1064 185 1081 258 ¹¹
1202 237 1267 305 ess

14 417 15 426 ¹
77 407 144 468 daos
169 405 246 468 male
264 404 372 466 voluat
393 403 458 482 legi
473 401 576 470 anelis.
595 407 643 468 'sio
667 405 742 468 Hor.
763 405 816 468 inf.
844 405 932 486 epist.
948 403 994 466 ad
1016 403 1111 469 Vinci
1126 403 1268 470 Asellam.

14 487 16 538 l
78 489 244 572 [13,8sq.]
278 490 449 572 Asinaeque
466 504 620 570 paternam
647 488 813 572 Cognomen
832 505 928 552 vertas
950 496 982 552 in
1005 492 1094 550 ηἰιιιι
1115 490 1271 574 etfalula

14 587 16 622 l
74 581 139 658 fias.
185 579 247 636 Nou
262 575 404 635 dissimile
417 584 460 634 est
474 575 551 634 illud
564 577 714 657 Propeptii
728 577 781 636 lib.
796 575 888 655 1.[6,
908 575 978 656 25.]
1024 573 1112 653 Quod
1132 579 1272 658 siparua
1311 607 1326 624 s
1347 569 1376 608 -’

14 675 16 706 l
78 677 143 732 ¹essere
158 659 270 722 ‹leelen's
286 659 407 741 uestigia
429 658 550 739 culpae,
575 660 670 740 Quom
688 655 749 724 cilo
767 658 803 720 ele
822 675 905 720 tanto
925 662 1041 720 nomine
1062 682 1162 720 rumor
1185 655 1271 723 eris?

14 785 15 792 .
78 747 157 808 Idem
171 766 267 828 prope
286 745 370 806 valet·
379 745 483 804 venire
494 745 526 804 in
545 769 613 806 orae
636 747 747 826 dequo
761 765 866 823 genere
880 747 944 824 lege
960 755 1061 808 annot.
1077 746 1116 806 sd
1132 747 1217 826 epist.
1231 745 1272 806 ad
1346 798 1347 811 .

14 847 17 878 ι’
56 833 133 908 lul.
147 834 226 892 Flor.
244 831 296 890 lib.
313 835 342 895 1.
361 829 403 910 [8,
418 829 462 911 9.]
506 829 589 909 Ouid
606 831 716 908 Titius,
737 830 944 893 Romouuetc.

160 924 190 986 8.
214 919 502 978 Convrvrosuu
523 937 569 978 aa
591 916 809 996 saansaan]
831 918 864 976 id
878 927 944 988 est,
965 925 995 978 et
1008 917 1139 996 poenitet
1155 937 1202 978 mo
1221 914 1274 974 in-

13 1023 15 1050 s
78 1005 214 1065 terluisse
226 1003 256 1062 in
270 1003 321 1082 eis¹
330 1001 493 1079 conviviis,
515 1003 671 1082 inquibus
692 1013 747 1062 etc.
769 1002 819 1062 vel
834 1003 1004 1078 et‘rellern,
1027 1021 1074 1062 me
1091 999 1151 1060 ison
1173 1003 1273 1062 inter·
1294 1003 1297 1009 ’

13 1107 15 1138 l
78 1091 167 1150 fuisse
179 1090 212 1148 in
231 1088 273 1148 eis
287 1087 433 1146 conviviis
448 1095 503 1146 otc.
527 1091 577 1148 vel
597 1089 655 1161 sic,
676 1100 706 1150 et
727 1088 888 1167 displicent
909 1085 982 1148 mini
1000 1108 1034 1148 ea
1056 1087 1194 1146 convivia
1212 1095 1271 1147 etc.

13 1195 15 1222 ι
79 1177 129 1234 Sic
149 1183 294 1252 usurpant
312 1173 461 1232 interdum
483 1171 540 1232 hoc
564 1175 688 1234 verbum
706 1174 816 1236 Latini.
859 1173 898 1232 M.
919 1173 997 1232 Tull.
1015 1172 1068 1232 lib.
1087 1180 1116 1240 6.
1139 1171 1176 1232 de
1197 1173 1272 1250 Rep.
1392 1195 1401 1220 e

13 1257 14 1308 Ῐ
81 1257 589 1342 [Sourn.Scip.3.,p.112Heinr.]
622 1257 849 1339 lamueroipsa
866 1255 1274 1338 terraitonsilsiparuous'sa

13 1365 14 1396 ὲ
80 1360 120 1404 est
128 1384 140 1417 ,
161 1359 194 1404 ut
207 1365 252 1404 me
264 1344 378 1422 imperii
392 1346 500 1420 nostrl,
523 1367 581 1428 quo
602 1348 689 1428 quasi
701 1359 841 1424 punctum
862 1345 921 1402 eius
934 1343 1123 1423 attingimus,
1142 1343 1276 1421 poenita-

80 1443 131 1491 ιιι.
167 1429 250 1488 Idem
265 1429 296 1486 in
311 1427 464 1502 Coeliana,
481 1430 523 1509 [3,
539 1430 582 1509 6,]
626 1427 874 1507 'Ouodobs'ectum
894 1442 935 1486 eae
955 1423 1054 1488 Coelio
1070 1423 1275 1508 depudicitia,

13 1537 15 1572 l
80 1513 113 1574 iel
128 1511 288 1596 numquam
302 1527 362 1572 tam
378 1513 481 1574 acerbe
491 1512 568 1594 feret
583 1512 718 1590 Coelius,
741 1529 772 1574 ut
789 1537 851 1572 eum
864 1513 1020 1593 paeniteat,
1039 1520 1098 1572 nun
1113 1509 1275 1592 deformem

13 1625 14 1632 ³
79 1612 264 1658 essenorum.
308 1598 437 1672 Quidam
452 1599 521 1659 libri
541 1611 658 1660 veteres
677 1599 789 1659 liabent
812 1612 839 1658 et
857 1597 1056 1656 connieu'orum
1075 1597 1200 1673 poenitet
1217 1605 1275 1658 etc.

80 1703 156 1763 quae
174 1683 300 1744 samone
314 1703 383 1744 vero
398 1692 443 1743 est
458 1685 617 1766 scriptura,
638 1694 673 1743 nt
689 1685 797 1766 copula
811 1697 837 1741 ee
856 1681 1003 1762 pertineat
1015 1681 1053 1740 ad
1068 1681 1155 1742 linens
1171 1685 1278 1742 versus

80 1768 281 1844 antecedentis
292 1779 322 1828 et
332 1789 439 1829 versus
453 1770 592 1852 deinceps
604 1789 732 1850 sequens
743 1769 861 1828 initium
875 1761 1003 1847 capiate
1019 1763 1233 1829 Conuiuiomm.
1260 1769 1264 1776 '

166 1858 195 1918 9.
218 1855 258 1913 ln
283 1875 626 1923 Quorsumnam
648 1875 760 1916 usuc.
783 1873 826 1912 aa
849 1872 995 1912 aranas.
1017 1855 1095 1926 etc.]
1117 1850 1279 1912 haecsuut

81 1939 190 2002 amoris
210 1949 399 2014 arguments:
422 1939 582 2018 dequibus
598 1956 688 2019 supra
703 1939 742 1999 ad
757 1939 814 2000 Od.
831 1958 900 1998 xtra.
916 1937 968 1996 lib.
983 1943 1013 2000 1.
1285 2001 1289 2020 ι
1364 1926 1367 1942 ’

167 2029 216 2089 10.
239 2023 288 2082 Er
309 2043 459 2084 carens
480 2045 559 2085 aar.
583 2045 652 2084 raro
674 2023 789 2103 ειη]
813 2024 936 2082 Plautus
952 2022 983 2080 in
999 2020 1159 2102 Cistell.[1,
1175 2021 1279 2102 1‚57.]

13 2165 14 2170 ,
81 2108 173 2188 Ηοο,
194 2111 250 2183 ais,
272 2106 355 2184 uide,
378 2123 410 2168 at
423 2111 577 2189 suspirium
593 2111 695 2189 petiuit
711 2107 791 2170 ulte?
822 2110 1002 2168 Notovereos
1019 2107 1090 2166 olim
1108 2107 1140 2166 in
1159 2109 1285 2190 nomina
1313 2123 1318 2130 ‘

82 2193 173 2255 lutere
192 2192 339 2273 syllabam
357 2193 491 2256 ultimam
515 2217 545 2252 re
562 2193 709 2274 produci,
731 2194 788 2254 nisi
810 2194 877 2272 quis
900 2192 1015 2253 diceret
1039 2207 1103 2252 esse
1121 2192 1280 2270 legendum
1384 2193 1386 2198 '

82 2294 110 2338 et
123 2277 213 2339 lasere
227 2271 373 2360 adpetitus
395 2279 454 2339 e‘mo
477 2280 611 2360 spiritus,
632 2279 664 2338 id
687 2289 749 2354 est,
773 2299 793 2338 e·
809 2280 902 2340 latere
923 2279 1049 2356 petitus,
1070 2277 1281 2338 aeduensibus
1327 2312 1330 2320 ·

81 2366 123 2424 its
139 2359 271 2424 insitum
287 2363 421 2424 ordinem
434 2373 464 2424 et
478 2385 633 2424 numerum
647 2364 794 2424 restitutis
812 2383 848 2422 ac
865 2363 1024 2440 descriptis
1043 2381 1103 2420 non
1123 2371 1169 2420 est
1182 2361 1210 2422 ei
1226 2363 1297 2426 ob-,
1427 2381 1428 2390 ¹

82 2450 247 2510 servationi
261 2451 355 2510 locus.
390 2449 542 2509 Interdum
562 2449 675 2509 vocalis
693 2451 783 2526 longa
799 2457 866 2506 onte
878 2447 1014 2506 vocalem
1033 2455 1204 2524 sequentem
1219 2467 1282 2508 non

82 2535 207 2596 eliditur
221 2535 343 2616 quidem
353 2583 372 2609 ,,
385 2535 438 2594 sed
453 2545 551 2596 tamen
573 2533 768 2614 producitur,
791 2543 825 2590 ut
838 2531 894 2594 Od.
910 2549 1020 2592 xxvnr.
1041 2531 1094 2590 lib.
1111 2538 1138 2598 1.
1150 2557 1152 2566 ¹
1162 2531 1203 2610 [e.
1215 2531 1280 2613 242]

32 2679 37 2686 ,
86 2617 209 2680 Ossibus
223 2635 250 2677 ee
263 2621 356 2699 capili
368 2619 530 2680 inhumato.
546 2621 590 2677 sic
606 2619 712 2679 Catull.
733 2618 763 2677 in
778 2617 931 2692 Lesbiam,
955 2615 1041 2696 [xum
1058 2616 1103 2697 8.]
1150 2615 1215 2695 (luo
1232 2619 1283 2676 si·-

80 2725 159 2784 gno,
181 2701 278 2764 coelem
295 2702 415 2762 latialem
431 2725 508 2764 moa
521 2701 659 2784 deprecor
673 2701 722 2763 illi
735 2700 876 2764 Auiolae.
919 2703 1038 2762 Lucret.
1055 2703 1106 2762 lib.
1122 2707 1152 2767 6.
1172 2697 1281 2782 [755]

84 2785 146 2848 Sed
163 2803 271 2851 natura
287 2785 348 2848 loci
366 2809 437 2869 opus
457 2786 552 2872 efficit
567 2790 634 2868 ipsa
649 2809 704 2848 sua
722 2790 760 2848 ui.
784 2787 857 2850 ibid.
875 2781 1044 2868 [ι’.1074.]
1088 2787 1221 2869 Denique
1239 2807 1283 2846 rea

82 2895 157 2934 auro
170 2887 321 2953 argeutum
335 2869 455 2952 copulat
467 2895 526 2934 una
541 2873 689 2956 Aeraque.
706 2893 884 2951 quamquain
900 2871 950 2930 hic
964 2893 1071 2933 versus
1086 2873 1115 2932 in
1133 2871 1284 2932 nonnullis

83 2959 168 3018 libris
190 2958 400 3038 manuscriptis
417 2962 457 3018 ita
475 2958 600 3036 legitur:
640 2957 773 3039 Denique
792 2982 837 3018 res
853 2980 926 3018 auro
941 2973 1091 3040 argentum
1105 2954 1286 3037 concopulat
1310 2999 1314 3020 .

83 3067 153 3106 unu.
169 3044 303 3122 Propert.
318 3043 369 3102 lib.
386 3049 415 3108 2.
431 3043 476 3121 [1,
491 3042 555 3124 23]
576 3039 717 3124 Regnoue
726 3045 824 3122 prima
835 3041 933 3117 Remi,
955 3045 1071 3104 anemos
1086 3029 1294 3122 Karthaginis

83 3126 172 3190 altae.
209 3127 291 3207 Virg.
307 3129 414 3211 (leorg.
429 3133 459 3193 2.
476 3128 515 3206 [v.
529 3127 595 3207 86.]
630 3125 763 3188 Oecleiees
778 3143 804 3186 ee
819 3126 898 3188 rodii
910 3141 936 3186 et
952 3149 1058 3186 amaro
1070 3125 1182 3188 Pausio
1197 3123 1283 3187 loca.

83 3215 158 3274 Aen.
173 3215 202 3279 5.
223 3211 266 3294 [v.
281 3212 370 3296 784]
393 3211 445 3272 secl
463 3236 585 3274 amoeno
605 3215 722 3293 piorum
747 3209 883 3273 Concilio
901 3210 1091 3294 Elysiumque
1111 3209 1196 3288 colo,
1225 3209 1284 3272 lua
1318 3230 1321 3238 ’

85 3313 171 3359 coela
187 3295 305 3381 Sibylla
320 3297 481 3377 Nigrorum
495 3309 552 3358 etc.
567 3299 645 3357 idem
659 3299 691 3356 in
705 3295 823 3356 Pharas.
838 3297 912 3371 [uel.
925 3317 994 3373 arn,
1008 3302 1073 3372 43.]
1090 3293 1173 3356 duris
1187 3297 1218 3356 in
1234 3317 1285 3356 co·

79 3381 165 3442 albus
177 3379 262 3442 illum
281 3369 476 3443 lemarus'aut
489 3381 636 3464 Rhodope
652 3398 704 3442 out
724 3385 849 3442 extremi
866 3381 1062 3442 Garamantes
1077 3393 1133 3442 etc.
1154 3381 1235 3440 idem
1252 3381 1285 3440 in

85 3467 281 3542 Palaemone,
307 3467 389 3546 [Eol.
405 3467 513 3546 nr,6.]
558 3465 596 3526 Ee
620 3489 725 3528 succus
751 3469 852 3547 pecori
878 3481 905 3526 et
926 3463 976 3527 luc
999 3463 1174 3527 sulduoe‘lu'r
1190 3460 1312 3547 agnis.'
1362 3455 1367 3466 ⁸

85 3554 170 3613 Idem
187 3553 258 3611 Aen.
276 3559 306 3617 4.
325 3551 367 3632 [V.
380 3551 465 3630 285]
508 3549 589 3631 Quid
603 3553 689 3612 struit
703 3567 755 3610 aut
767 3541 828 3634 qua
843 3575 893 3632 spe
904 3552 1024 3612 inimica
1039 3549 1070 3609 in
1080 3563 1166 3633 geute
1184 3571 1287 3610 moro-

86 3633 160 3700 lnr?
200 3637 283 3698 Idem
300 3636 370 3703 den.
384 3641 411 3702 1.
434 3636 474 3716 [v.
493 3637 554 3717 16.]
593 3633 769 3698 Posthabito
782 3633 906 3696 coluisse
919 3635 1022 3702 Samo,
1034 3633 1084 3696 lte
1097 3633 1180 3695 illius
1193 3658 1287 3708 orma,

85 3724 169 3783 Idem
186 3723 238 3784 lib.
257 3728 306 3789 10.
325 3722 365 3803 [v.
379 3721 462 3804 i4l·]
506 3723 650 3784 Maeonia
666 3743 802 3801 generose
815 3717 915 3798 domu,
929 3718 982 3780 uls·
993 3719 1116 3801 pinguia
1131 3715 1212 3782 culeo
1228 3730 1285 3784 etc.

85 3809 241 3870 Interdum
259 3829 317 3868 non
333 3809 437 3868 solum'
448 3829 507 3868 non
523 3807 661 3880 eliditur,
683 3827 788 3866 verum
805 3806 895 3866 etiam
910 3806 1092 3886 corripitur,
1115 3793 1230 3868 etiaimsi
1247 3807 1288 3866 sit

79 3895 203 3954 'vocalis
216 3905 322 3955 notura
337 3895 424 3974 longa
440 3904 491 3954 aut
512 3893 599 3953 etiam
614 3889 834 3972 diphthongus,
855 3899 890 3950 ut
909 3911 999 3972 supra
1015 3889 1072 3954 ud.
1087 3911 1117 3952 v.
1141 3891 1182 3971 [V.
1201 3889 1286 3970 100.]
1315 3901 1319 3928 ¹
1426 3899 1427 3906 '

85 3977 127 4040 Et
140 3975 424 4060 Esquilinoe'alltes.
446 3989 475 4038 et
494 3981 590 4058 Setyr.
610 3981 642 4043 9.
667 3977 719 4039 lib.
735 3984 763 4042 1.
785 3975 825 4056 [v.
842 3979 905 4050 38]
941 3975 977 4036 Se·
992 3999 1038 4036 me
1058 3987 1142 4036 amus
1166 3973 1294 4058 (iuquit)

83 4061 221 4146 paullum
237 4063 288 4125 lu'c
303 4063 382 4151 oties.
402 4065 519 4128 .Catull.
536 4067 566 4124 in
578 4063 719 4126 Mamurr.
736 4071 766 4122 et
781 4065 863 4140 Caes.
879 4063 1032 4137 [av111,7,]
1060 4059 1167 4120 Unoia
1180 4055 1287 4122 ludulo

87 4147 228 4230 erudituli
242 4147 338 4211 ambo.
381 4149 465 4210 Idem
481 4149 517 4209 ad
535 4151 719 4224 Camerinus,
738 4153 800 4224 [uv,
815 4153 856 4222 3.]
907 4147 947 4208 Ta
960 4145 1154 4228 quaesivimus
1173 4147 1205 4204 in
1223 4147 1287 4204 ml-

86 4232 921 4386 1ξᾷῖῖῗΐῗ.1ῗῖ.ῗ.ἰῑῑ”;.1ἱῖ13113ἰῖ11..
937 4229 1287 4396 dlllsslll‘iliill
1347 4301 1353 4313 ·

86 4399 143 4462 lib.
156 4411 186 4470 8.
204 4387 349 4485 [nuth]
371 4403 491 4466 Insulae
499 4403 583 4468 Ionio
597 4365 628 4464 ils
637 4427 753 4486 magno.
768 4341 975 4464 idequharm.
992 4397 1070 4482 [Ecl.
1083 4421 1150 4480 vm,
1162 4420 1192 4464 v.
1203 4399 1310 4484 touJJ
1337 4463 1338 4468 ,

88 4511 147 4561 an,
169 4491 220 4566 qui
241 4505 359 4569 amant,
380 4492 439 4572 ipsi
461 4487 520 4552 eibi
547 4491 663 4551 somnia
685 4489 826 4573 fingunt?
850 4490 967 4550 leuaret.
992 4486 1045 4548 lib.
1060 4487 1089 4554 4.
1112 4485 1153 4568 [v.
1179 4485 1288 4568 1054]
1385 4481 1390 4492 ¹
