2884 5044
137 211 222 312 '12
335 187 365 195 Η
546 233 1001 302 uoaevucaaurua

178 405 467 476 deducuntlovma.
486 437 490 445 ·
511 409 647 470 cernuae
665 407 710 491 [4,
726 413 769 478 20
784 405 847 492 aq]
873 418 972 474 autern
989 427 1047 490 pro
1061 407 1153 474 vento
1170 407 1287 492 poenit:
1308 412 1377 470 eive

178 507 343 577 utrmque
357 495 476 578 Iupiter
487 495 590 556 Simul
602 493 754 556 ecrandae
767 491 924 554 taedam
936 497 969 553 ia
978 493 1096 574 pedem,
1139 495 1202 556 Iam
1219 515 1294 556 vero
1314 517 1376 554 no-

176 589 241 642 tum
256 591 308 640 -eat
326 581 369 640 ita
387 579 470 660 loqui
483 579 620 660 Latinae,
651 581 765 642 caelum
784 599 891 660 grave,
911 589 1019 656 tenuo,
1042 579 1202 659 frigidum,
1226 580 1374 660 caligino-

175 687 260 736 aum.
286 685 434 741 craaaum,
455 663 627 740 humidum,
648 665 859 746 potiusquam
881 671 933 725 abr
946 665 1057 746 gravia,
1078 665 1178 744 tenuia
1195 675 1251 726 etc.
1294 665 1374 726 Pro-

57 749 62 760 '
175 749 557 814 lertautemhunolocum
574 751 748 812 Serviuead
765 751 852 810 illum
866 749 1130 830 Virg.lleneid.3.
1152 749 1253 831 [116]
1282 749 1375 810 neoda

175 837 293 916 Iupiter
311 835 413 934 udaie,
435 846 465 896 et
489 835 636 936 arabicae
653 837 873 934 interpretatur·¹
884 831 945 899 dard
964 835 1035 914 Ari,
1057 855 1110 895 eea
1123 837 1178 896 sub
1193 835 1273 900 divo.
1294 857 1375 934 pro:

170 921 233 982 lert
251 931 281 982 at
301 921 340 980 ad
359 921 449 982 allum
466 921 587 983 tenea.
607 927 638 990 6.
659 920 758 1002 [278]
778 923 949 1002 prunaeque
970 923 1005 980 in
1013 921 1171 999 faaeibua
1196 921 1285 998 Orci,
1317 921 1376 980 uba
1424 939 1425 950 ¹

173 1000 265 1085 dicit,
288 1007 383 1066 Deum
403 1027 466 1068 eaeo
487 1008 618 1091 positum
639 1027 696 1090 pro
713 1007 800 1079 loeo,
821 1017 943 1068 etcum
962 1006 1064 1068 lovem
1079 1005 1206 1094 dicimua
1226 1015 1256 1068 et
1269 1005 1376 1068 aethe-

73 1143 76 1170 ,
172 1091 459 1170 remaignilicamue.

257 1183 309 1244 26-
332 1176 528 1260 Vanaroa]
558 1177 602 1238 aio
625 1139 713 1242 llam.
738 1175 776 1236 de
799 1175 966 1240 venatorib.
994 1141 1147 1256 idaea-'fi
1170 1173 1246 1258 [120
1258 1175 1315 1258 ιφ]
1342 1178 1378 1240 oi

142 1315 144 1322 .
171 1285 204 1326 ae
226 1255 298 1324 καθ’
313 1257 391 1344 ὕλην
408 1254 517 1347 'illice
539 1257 707 1344 πάσχουσιν
721 1257 858 1344 maauaie
873 1255 967 1342 ὀρέων
986 1259 1164 1339 intimavere,
1185 1261 1218 1322 id
1236 1271 1296 1336 eat,
1318 1265 1372 1342 qui

65 1379 67 1388 ι
171 1347 206 1406 in
228 1347 304 1408 eilva
323 1349 441 1409 dolores
457 1351 630 1430 perferunt,
651 1349 724 1408 dum
737 1347 770 1406 in
783 1347 907 1408 summia
920 1346 1074 1406 montibua
1093 1357 1261 1408 versantur.
1283 1357 1313 1407 et
1330 1349 1371 1408 M.

171 1433 252 1492 Tull.
267 1433 318 1498 lib.
332 1441 363 1500 2.
377 1435 498 1500 Tuacul.
520 1433 670 1517 [17,’40.]
690 1437 874 1494 Peraoetant
889 1435 1091 1492 venatoreee'n
1104 1435 1187 1509 nive,
1209 1435 1243 1492 in
1256 1437 1372 1491 manti-

171 1517 231 1578 bae
254 1522 306 1577 uri
318 1523 537 1604 repatiantur.
580 1519 684 1580 Horat.
701 1521 800 1600 Satyr.
816 1539 851 1584 11.
865 1517 919 1582 lib.
941 1524 968 1586 1.
985 1516 1060 1599 [105
1073 1515 1131 1600 eq.]
1153 1517 1299 1600 Leporem
1312 1538 1371 1578 ve-

172 1615 263 1664 nator
280 1616 315 1663 at
326 1607 395 1664 alta
409 1607 447 1666 Ia
464 1611 532 1668 nive
543 1617 685 1672 rectatur.

256 1695 307 1755 27.
337 1689 507 1753 Canania
529 1690 707 1773 naemu]
729 1711 836 1753 mnam
849 1682 1023 1752 fidelitatem
1040 1697 1070 1750 et
1089 1689 1222 1750 atudiam
1236 1689 1369 1752 venandi
1426 1699 1427 1712 ¹

170 1775 313 1858 pluribus
335 1777 432 1838 verbio
457 1779 590 1839 declarat
613 1779 653 1842 M.
668 1779 748 1843 Tull.
772 1778 824 1843 lib.
847 1784 878 1845 2.
910 1777 973 1858 [63.
990 1774 1076 1856 168]
1099 1773 1137 1835 de
1152 1785 1215 1836 nat.
1232 1775 1367 1837 deorum.

176 1857 296 1920 Canum
308 1861 453 1942 tamfida
465 1863 625 1942 aatodta,
647 1875 771 1944 tuaeque
786 1884 895 1922 aurona
908 1862 1101 1922 dominorum
1115 1859 1273 1936 adulatio,
1296 1871 1370 1919 aaa.

171 1957 297 2031 tamque
309 1945 414 2008 odium
431 1949 464 2008 in
484 1961 656 2032 extenuaret
669 1963 735 2009 tam
750 1947 936 2009 incredibilia
950 1945 996 2006 ad
1006 1945 1258 2027 investigandam
1270 1967 1370 2026 auga-

170 2035 251 2092 oitae
263 2037 404 2112 nariam,
426 2045 516 2096 tauta
528 2038 677 2096 alacritas
690 2039 724 2094 in
736 2033 873 2095 venando
880 2079 888 2112 ,
910 2031 991 2114 qaid
1003 2034 1161 2112 aignrflcat
1174 2031 1278 2107 aliud,
1302 2035 1368 2090 aiei

169 2115 215 2176 ad
236 2117 395 2179 bonarium.
421 2120 649 2181 commoditatea
669 2143 731 2181 eree
745 2121 930 2202 generatae?
966 2118 1081 2196 vigileia
1104 2119 1237 2200 appellat
1256 2117 1364 2178 Horat.

169 2201 235 2262 Ode
253 2225 321 2266 xvr.
343 2205 396 2266 lib.
418 2211 447 2274 3.
472 2207 526 2286 [2]
546 2219 574 2266 et
594 2209 727 2286 vigilam
739 2229 850 2266 canum
876 2207 987 2266 Trieres
1002 2205 1149 2266 excubiae.
1196 2204 1366 2282 Utrumque

168 2287 327 2360 coniunxit
347 2291 466 2352 Lucret.
486 2291 538 2357 lib.
556 2295 587 2360 5.
611 2291 715 2374 [862]
738 2304 765 2350 et
778 2295 946 2352 leviaomna
958 2311 1072 2348 canum
1079 2288 1151 2368 sedo
1165 2310 1234 2348 cam
1242 2301 1367 2370 pectore

157 2367 271 2434 'eorda
293 2373 445 2443 Theocrit.
468 2379 522 2440 eid.
545 2371 613 2458 [aee',
636 2381 679 2443 78
702 2377 762 2457 aq.]
784 2377 843 2437 hoc
860 2377 970 2438 ardmal
985 2375 1017 2434 in
1032 2375 1140 2455 primia
1154 2375 1193 2434 ad
1206 2373 1365 2434 homiuum

166 2457 339 2516 convictum
361 2469 466 2538 aptum
486 2463 528 2522 ait
547 2483 611 2524 eeaa
631 2471 663 2523 et
683 2461 861 2544 providum,
882 2462 916 2520 ia
940 2481 1034 2540 eoque
1051 2459 1199 2520 iudicium
1214 2459 1366 2519 duntaxat
1428 2505 1429 2520 .

165 2541 329 2618 desiderat,
351 2565 411 2623 quo
432 2543 584 2606 discernae
607 2565 672 2624 eoa,
696 2546 730 2605 iu
751 2566 825 2625 quoa
846 2543 959 2604 aaevire
977 2543 1099 2622 debeat,
1120 2543 1158 2602 ab
1174 2543 1227 2614 iia,
1251 2543 1364 2623 quibua

165 2645 234 2686 erun
248 2649 370 2707 parcere
382 2631 557 2691 adblandiri
571 2621 716 2704 oporteat.
738 2629 915 2690 aic'lheocr.
924 2620 974 2694 ,Ὦ
986 2625 1097 2694 πόποι·
1116 2623 1183 2693 aloa
1191 2631 1281 2692 τοῦτο
1290 2626 1364 2691 θεοὶ

41 2763 49 2775 ,
164 2712 298 2792 ποίησαν
313 2709 438 2789 ἄνακτες
454 2709 768 2799 Θῄρίονᾶνθρῶποισι
784 2713 969 2796 μετέμμεναι,
987 2712 1201 2794 deiparentia.
1216 2713 1364 2778 Εϊοῑκαὶ

164 2795 274 2878 φρένες
288 2789 347 2862 alde
359 2796 509 2880 νοήμονες
521 2800 649 2865 ἔνδοθεν
662 2791 752 2880 ἦσαν,
765 2797 865 2864 Ἤιδει
883 2793 909 2864 d’
923 2791 981 2886 aire
996 2795 1053 2882 zon*
1066 2797 1289 2881 χαλεπαινέμεν,
1305 2790 1363 2884 pire

164 2881 217 2944 aab
239 2876 323 2945 ου’κί·
350 2877 415 2947 ote
435 2881 476 2948 du
495 2889 650 2968 aednpaiv
664 2909 709 2960 τις
722 2879 861 2968 diripuere
878 2885 947 2967 περὶ
961 2889 1050 2966 τιμῆς
1065 2894 1122 2949 etc.
1144 2903 1273 2964 quorum
1285 2904 1362 2944 vea-

127 3035 131 3043 .
163 2987 250 3028 auum
264 2967 414 3030 haecine
428 2972 576 3032 contentia
590 2981 652 3049 eet,
675 2971 702 3030 0
719 2969 761 3030 dii
774 2969 972 3046 immortalca,
999 2971 1117 3048 qualem
1135 2969 1215 3030 hanc
1233 2967 1361 3030 beatiam

74 3082 77 3094 ·
96 3116 101 3128 .
153 3051 209 3111 dii
224 3052 400 3114 finxerunt?
422 3075 512 3136 quam
532 3067 631 3137 aptam
649 3055 688 3116 ad
709 3054 867 3118 homiuum
882 3055 1077 3116 convictum?
1099 3075 1188 3136 quam
1198 3053 1361 3134 providam

164 3146 195 3196 et
210 3137 370 3218 rapacem?
390 3141 421 3200 si
434 3162 468 3202 ea
481 3142 515 3202 in
529 3162 564 3203 eo
578 3141 772 3222 intelligentia
785 3151 878 3220 earet,
899 3151 934 3202 ut
945 3141 1035 3201 eoiret
1046 3140 1097 3200 cui
1106 3139 1198 3202 iraaci
1212 3149 1360 3222 oporteat,

163 3222 214 3284 oui
226 3245 308 3284 nou:
330 3227 416 3286 nulla
430 3247 500 3290 cum
515 3248 550 3289 ea
563 3229 601 3288 de
614 3228 788 3308 principatu
800 3236 830 3288 et
842 3226 957 3316 honore
969 3235 1105 3290 certaret.
1162 3232 1167 3248 ‘
1191 3281 1194 3288 .
1313 3221 1316 3226 ’

67 3311 71 3317 ’
146 3341 151 3354 ¹
247 3315 298 3378 28.
323 3311 355 3372 M
362 3331 480 3374 Anaua
496 3312 611 3396 avua]
627 3313 719 3374 Marci
734 3311 864 3399 Apuliae
874 3311 990 3392 populi.

245 3401 298 3464 29.
321 3395 378 3458 Me
398 3399 615 3460 nooaaaaea
639 3397 802 3480 ananau]
833 3399 938 3458 ederae
951 3396 1083 3478 praemia
1096 3396 1257 3460 doctorum
1270 3399 1358 3479 capi-

160 3488 244 3557 tum,
260 3482 292 3541 id
306 3492 367 3559 eet,
384 3483 545 3544 doctorum
555 3485 707 3548 virorum:
728 3503 835 3564 nempe
848 3490 1014 3563 poetarum.
1026 3503 1097 3543 nam
1108 3491 1214 3564 poetae
1226 3483 1358 3548 victores

50 3638 53 3651 Ι
159 3568 281 3627 (aeonia
294 3567 442 3629 ederaceia
457 3569 656 3633 donabantur.
679 3569 766 3650 epiat.
776 3567 823 3636 ,ad
840 3569 949 3630 lulium
963 3569 1103 3648 Florum,
1125 3566 1178 3631 lib.
1191 3575 1221 3636 1.
1237 3573 1279 3646 [3,
1292 3571 1357 3650 25]

49 3654 51 3668 “
158 3651 213 3709 aeie
231 3651 337 3712 cotidie
351 3655 483 3713 natabile
498 3677 633 3734 carmen,
655 3658 765 3716 Prima
771 3658 854 3733 feres
867 3652 972 3714 ederae
988 3657 1126 3716 victricia
1136 3659 1292 3734 praemio.

241 3741 294 3804 30.
320 3740 405 3799 Dara
427 3759 594 3814 urrerem·
613 3741 986 3817 aueaaralinlleorum
998 3757 1047 3802 ma
1062 3740 1259 3803 contubernio
1274 3761 1357 3824 quo-

158 3819 317 3884 dammodo
330 3824 493 3890 collocant·
533 3827 597 3886 Diia
611 3845 659 3888 me
672 3831 776 3907 parcnt
787 3825 933 3888 efficiunt.

242 3913 295 3975 31.
321 3909 350 3968 N
357 3929 655 3982 vurnaaauoaa
681 3912 812 3994 aevae]
841 3909 997 3992 Nymphae
1028 3911 1104 3972 aliae
1122 3911 1157 3972 in
1178 3912 1355 3974 nemoribus

155 3989 306 4054 habitant:
323 4003 353 4054 et
366 3993 450 4056 haee
467 3997 588 4058 Graecia
597 3991 746 4077 dionides,
761 3997 794 4056 id
807 4007 861 4072 eat,
877 3997 1042 4058 nemoralea
1055 3999 1261 4078 appellantur:
1277 3999 1355 4071 aliae

155 4077 189 4137 iu
198 4080 290 4158 aquia,
309 4098 386 4160 quae
399 4081 513 4157 naides,
528 4101 581 4142 eeu
596 4083 717 4147 naiades
728 4092 758 4142 et
767 4081 930 4164 hydriadea
938 4084 1089 4142 communi
1098 4093 1130 4142 et
1146 4083 1275 4162 generali
1290 4103 1355 4142 no-

154 4163 397 4229 miuedieuntur.
418 4165 470 4226 aed
480 4163 589 4227 irarum
603 4167 678 4228 aliae
692 4177 764 4228 aunt
773 4169 912 4250 κρηνῐδες
922 4167 1050 4232 Graece:
1074 4167 1178 4230 Latina
1189 4167 1230 4248 (ai
1242 4166 1358 4250 placet)
1373 4214 1378 4222 .

156 4247 296 4311 lorrtauaa
321 4251 523 4315 nominentur.
545 4252 620 4312 aliae
638 4251 861 4334 ἐπιποταμῖόεςε
883 4253 972 4314 liceat
990 4253 1045 4314 baa
1060 4251 1232 4314 fluviatileia
1244 4255 1354 4332 appel-

155 4333 229 4394 lare.
250 4347 324 4398 aaut
344 4345 375 4397 et
393 4337 510 4418 aliquae
524 4335 710 4418 ἔπιμεληίδες
724 4357 777 4399 acu
790 4333 983 4420 ἕπιμηλιᾶδες
997 4343 1046 4410 (ut
1056 4341 1180 4404 Pauaan.
1193 4339 1225 4398 in
1242 4339 1351 4402 decad.

156 4417 236 4500 [vm,
252 4425 302 4498 11,
320 4419 398 4504 2.]>‚
418 4423 525 4502 quibua
546 4441 656 4504 pecora
679 4433 751 4486 umt
769 4443 872 4485 curae:
888 4425 1051 4485 nonnullae
1063 4423 1153 4486 etiam
1168 4419 1351 4506 ὀρεστιάδες,

101 4531 103 4537 ·
156 4524 233 4586 quae
254 4517 378 4570 moutea'
393 4509 542 4573 incolunt.
576 4507 729 4592 Nymphae
740 4505 905 4588 traducit
922 4507 1075 4572 Theocriti
1086 4511 1236 4592 interpres
1249 4510 1304 4580 eid·
1316 4504 1351 4592 γ’·
