2900 5050
138 259 199 328 118
401 323 407 335 ,
502 253 722 322 nouem*
742 253 969 320 ctutum.

138 427 265 492 mnibus
278 439 308 498 et
324 423 531 508 Cretonibue,
553 439 590 490 ut
609 427 710 492 Varro
722 425 806 490 docet
820 428 874 490 lib.
887 426 927 488 de
935 428 1054 510 populo
1068 415 1172 489 lionae
1194 413 1342 490 nillil-hoc

138 515 221 582 valet
247 515 286 576 ad
308 515 506 578 refellendum
535 513 618 596 quod
640 513 813 578 dicebamus
841 515 947 594 initio,
976 516 1128 578 Romanos
1156 515 1228 575 illos
1256 525 1343 578 vste·
1388 553 1389 559 ο
1432 565 1433 580 .

139 621 189 664 res
209 601 364 662 cubantais
380 621 531 662 coenasse.
574 601 649 660 Nam
670 599 746 662 baso
760 601 853 664 rerba
872 593 986 677 Servii,
1006 620 1085 680 quae
1103 611 1202 661 sumta
1215 611 1286 661 aunt
1303 619 1344 664 ex

56 723 61 740 ι
140 687 277 750 Varrone
295 683 490 766 et'Virgilio,
511 685 670 748 referenda
694 697 765 749 suut
784 687 822 752 sd
841 688 954 768 primos
974 685 1044 746 illos
1066 694 1097 746 et
1117 687 1343 784 antiquissiqsos

140 774 301 850 Romanos,
323 771 377 852 qui
393 772 558 834 severiores
575 783 607 834 at
622 773 759 834 duriores
775 783 805 834 et
820 772 1053 852 continentiores
1068 781 1166 832 erant:
1189 773 1357 853 posterio-'

141 877 191 922 ree
207 857 286 920 euim
304 857 424 918 mollins
439 868 469 918 et
481 859 634 919 remissius
649 858 792 920 vix'eruut
809 860 952 938 antiquis,
975 857 1225 938 quemadmodum
1242 868 1346 920 osten-

143 943 242 1004 dimus
253 963 291 1004 ex
304 941 458 1004 Athenaeo
473 954 503 1005 et
516 944 663 1021 Homero,
686 943 795 1005 heroas
813 943 960 1004 sedenteis
980 963 1109 1022 corpora
1127 943 1195 1006 cibo
1212 963 1346 1018 curasse,

143 1050 204 1091 nou
219 1029 442 1092 accumbentes.
486 1029 567 1104 Quin
584 1029 609 1089 si
628 1051 677 1090 res
691 1039 758 1110 eget
772 1031 909 1112 pluribus
932 1029 1112 1108 argumentis
1127 1039 1181 1090 aut
1198 1031 1347 1110 ampliore

144 1114 343 1197 auctoritate,
363 1113 545 1176 Plutarchus
561 1113 702 1192 accedat,
725 1117 778 1196 qui
800 1116 854 1176 lib.
877 1131 1015 1195 ουμιτοσ,
1037 1109 1165 1195 πότερον
1184 1101 1275 1178 odada
1299 1116 1356 1177 dei*

66 1263 70 1274 ,
146 1201 336 1266 κατακλίνειν
350 1196 423 1276 τούς
438 1199 635 1282 ἑστιωμένους
650 1195 953 1284 τδννίτιοιίεχόμενον.
966 1219 1183 1279 usquequaque
1197 1199 1246 1260 his
1260 1201 1347 1264 voci·
1378 1225 1381 1243 ι

144 1287 202 1347 bue
225 1285 324 1346 utitur
349 1287 554 1364 κατακλίνειν,
590 1279 775 1364 κατάκλισις,
803 1291 1017 1364 κατακεῖσθαι,
1040 1287 1283 1350 κατακλίνεσθαι.
1316 1293 1349 1348 et

71 1396 73 1406 ¹
145 1370 231 1432 Plato
245 1369 295 1430 lib.
302 1377 331 1438 2.
345 1371 383 1432 de
393 1373 467 1452 lisp.
482 1371 520 1432 de
529 1372 630 1456 epulis
643 1373 780 1452 loquens,
801 1372 851 1438 tet
865 1375 978 1436 κλινοῑν
992 1375 1199 1447 κατακεῖσθαι,
1221 1372 1241 1430 1.
1256 1371 1288 1431 iu
1301 1371 1349 1431 le-

146 1456 205 1518 ctis
226 1455 346 1518 cubare.
374 1456 449 1516 ibid.
469 1453 695 1534 manicationes
715 1457 765 1522 tat
783 1453 934 1540 στιβάδων
958 1455 1160 1546 ἐστρωμένων,
1171 1458 1274 1538 μίλακι
1294 1455 1351 1519 καὶ

146 1543 315 1625 μοῦρίναις.
335 1541 431 1618 idest,
453 1541 674 1604 discumbentes
689 1544 721 1604 in
736 1545 821 1604 lectis
835 1541 994 1624 gramineis
1009 1535 1096 1602 adela
1111 1551 1141 1602 et
1155 1551 1256 1621 myrto
1270 1551 1351 1606 stra-

65 1691 71 1700 ,
146 1628 196 1688 tis.
210 1627 363 1710 Aristopb.
380 1629 485 1707 Pluto,
504 1629 637 1710 κοσμίως
651 1630 862 1711 κατεκείμεθα,
884 1629 916 1688 id
931 1638 991 1704 est,
1014 1628 1149 1688 modeste
1170 1627 1349 1688 discumbe·
1432 1657 1433 1676 ι

74 1764 77 1782 ,
145 1711 261 1775 bamus.
275 1713 354 1774 idem
370 1712 460 1796 Vesp.
473 1705 724 1794 κατακλινόμενοί
736 1737 768 1780 τι
781 1713 832 1778 tut
841 1721 907 1790 ταῖς
918 1715 1041 1788 κοίταις.
1064 1713 1095 1772 id
1110 1721 1164 1787 est,
1179 1725 1209 1774 et
1222 1733 1351 1772 accum-

145 1797 251 1872 bentes
265 1797 296 1860 in
313 1797 410 1860 lectis.
456 1799 540 1874 Quae
554 1808 707 1881 postrema
722 1803 857 1882 exempla
873 1798 1079 1880 suppeditavit
1092 1796 1167 1857 mihi
1182 1800 1351 1860 Germanus

145 1883 265 1948 Valens.
308 1883 350 1942 lle
373 1883 512 1945 tricliniis
533 1905 622 1960 vero,
644 1885 675 1944 in
694 1887 803 1966 quibus
823 1885 1019 1948 discumbere
1035 1884 1190 1959 solebant,
1215 1883 1352 1944 dicemus
1432 1915 1433 1932 ι

146 1967 187 2032 ad
202 1968 288 2030 illum
303 1969 405 2029 locum
420 1971 518 2052 Satyr.
537 1973 570 2040 4.
583 1969 637 2031 lib.
654 1976 682 2038 1.
697 1975 737 2047 [r.
747 1976 811 2048 86.]
834 1973 929 2051 Saepe
944 1971 1046 2030 tribue
1064 1970 1150 2030 lectis
1163 1969 1269 2050 uidens
1284 1990 1353 2028 eoe-

146 2075 221 2116 nare
233 2063 407 2136 quaternos.
1432 2067 1433 2074 ’

230 2143 262 2206 9.
283 2140 429 2201 Vneris
450 2136 613 2223 sarens]
635 2137 780 2204 invitatus
796 2139 834 2202 ad
850 2139 1091 2216 combibendum,
1107 2139 1139 2200 id
1156 2158 1187 2200 se
1202 2137 1261 2200 alia
1275 2159 1354 2198 con·
1432 2177 1433 2192 ι

146 2223 261 2289 ditione
273 2225 422 2288 lecturum
436 2236 534 2305 negat,
556 2246 646 2306 quam
659 2227 685 2286 si
696 2227 791 2288 frater
808 2227 949 2309 Megilles
961 2245 1040 2286 unua
1055 2246 1071 2285 e
1086 2226 1223 2288 convivis
1238 2225 1353 2286 amicae

146 2329 218 2372 suae
230 2329 342 2372 nomen
357 2311 427 2372 edet
440 2321 470 2372 et
485 2314 677 2392 pronuntiet,
699 2311 765 2372 siva
779 2313 836 2372 sibi
852 2311 1000 2374 inaurem
1019 2311 1110 2370 dicat.

229 2399 261 2458 9.
282 2414 420 2451 aaran
440 2393 643 2472 Fauentia]
667 2397 788 2460 austeri.
810 2399 903 2460 Forte
926 2393 1061 2474 appellet
1082 2393 1182 2472 Satyr.
1199 2391 1231 2458 4.
1249 2393 1302 2454 lib.
1317 2401 1352 2462 ἢ.
1432 2425 1433 2434 1

37 2492 39 2498 '
113 2468 116 2476 Δ
146 2475 189 2560 [v.
203 2473 688 2556 24.],Anfidiusfortimdscebut
703 2479 796 2536 mella
809 2479 940 2539 Falerno
953 2476 1105 2540 Mendose.
1126 2476 1235 2540 Athen.
1255 2480 1308 2540 lib.
1324 2486 1354 2546 1.

148 2561 188 2642 [c.
202 2561 267 2642 24]
285 2561 409 2638 scribit,
431 2563 534 2622 vinum
557 2561 716 2630 Falernum
739 2564 824 2624 aliud
846 2573 999 2624 austerum
1027 2583 1109 2640 esse,
1136 2564 1221 2624 aliud
1243 2564 1353 2637 dulce:

146 2646 238 2708 dulce
250 2656 349 2708 autem
367 2645 448 2724 lieri,
470 2668 538 2708 curu
553 2649 608 2708 sub
627 2649 795 2710 vindemies
811 2659 931 2730 tempus
948 2649 1013 2708 noti
1032 2649 1171 2710 flaverint
1186 2659 1243 2710 etc.
1255 2645 1355 2710 'verba

145 2729 255 2793 Athen.
269 2741 340 2792 sunt
356 2731 442 2807 haec,
464 2731 530 2813 εἴδη
546 2729 603 2797 dv'o
619 2737 674 2798 rosi
693 2731 858 2816 Φαλέριον,
881 2727 1065 2816 όαιῗστηρός
1076 2733 1129 2798 sal
1147 2733 1166 2798 d
1182 2730 1353 2817 γλυκάζων·

74 2851 75 2859 ¹
147 2808 238 2891 odrae
255 2813 289 2879 dl
298 2821 434 2890 soscrisse
449 2819 575 2900 γίνεται,
597 2813 671 2882 ὅταν
682 2815 743 2882 alred
753 2817 804 2883 τὸν
819 2816 967 2902 τρογητὸν
984 2817 1068 2902 νότοι
1081 2815 1246 2884 revedou'oa.

185 2935 188 2944 ·
233 2906 283 2966 10.
306 2901 530 2984 Ornsrrsa]
551 2905 702 2966 anomina
721 2906 807 2986 Opus
819 2905 855 2967 lit
869 2905 1031 2988 Opuntius.
1074 2907 1130 2968 Est
1150 2916 1250 2968 sutem
1268 2907 1356 2986 Opus

145 2985 377 3050 urbsLocridia.

234 3077 283 3138 11.
313 3073 397 3146 Quo
426 3093 574 3138 auarus
595 3074 793 3154 Vunnsaa,
822 3096 897 3146 Qua
924 3075 1097 3157 sareas]
1126 3077 1160 3138 id
1176 3053 1242 3152 estss
1267 3077 1356 3138 cuius

124 3199 127 3224 ,
146 3155 269 3240 puellae
288 3178 390 3220 amore
403 3160 533 3221 saucius.
574 3159 634 3232 Sed
652 3163 805 3241 quomodo
826 3163 985 3242 quisquam
1004 3182 1064 3224 uuo
1078 3172 1214 3244 tempore
1236 3172 1267 3223 et
1282 3163 1360 3224 bea-

148 3251 201 3303 tus
218 3249 247 3302 et
261 3243 382 3304 saucius
398 3263 478 3318 esse,
501 3255 591 3326 etque
606 3247 681 3307 adeo
699 3250 798 3328 perire
813 3247 935 3326 potenti
959 3267 1043 3307 anaor
1060 3257 1105 3308 est
1126 3249 1243 3308 varium
1257 3249 1357 3329 quid·
1432 3255 1433 3282 ³

148 3327 218 3388 dom
234 3335 266 3386 et
280 3329 454 3408 multiplex:
476 3332 541 3392 noti
557 3343 628 3392 aunt
648 3331 824 3413 δνςίοοοτες,
846 3343 950 3392 notum
966 3332 1050 3392 illud*
1063 3329 1278 3416 plaudentem,
1295 3357 1358 3395 no-

148 3399 213 3472 lum
227 3407 305 3473 illud
322 3413 441 3478 Terent.
459 3416 536 3478 Eun.
565 3415 598 3497 [1,
618 3424 645 3492 1,
663 3417 725 3498 14.]
749 3421 784 3477 in
804 3437 906 3477 amore
924 3417 1120 3479 haecomnia
1138 3423 1245 3478 τίτοιιιιλ
1265 3424 1358 3498 cuia,

149 3499 297 3576 iniuriae,
310 3503 498 3580 suspiciones
512 3511 569 3562 etc.
598 3503 753 3564 Postremo
768 3512 874 3564 notum
889 3503 966 3564 illud
981 3504 1187 3582 Anacreontis,
1220 3500 1358 3580 xxxiva,
1432 3561 1433 3564 ,

151 3581 194 3684 b]
218 3580 355 3648 Χαλεπὸν
372 3583 405 3648 sd
425 3582 467 3668 μἰὶ
487 3592 623 3668 φιλῆσαι,
643 3585 786 3652 Χαλειτόν
806 3585 840 3652 δὲ
857 3587 910 3652 καί
926 3583 1064 3668 φιλῆται,
1084 3595 1302 3671 Χαλειιοοτερον
1322 3589 1359 3654 δὲ

148 3691 273 3732 παντων
284 3663 514 3753 disserundum
527 3679 685 3751 φιλοῦντα.
710 3673 742 3734 id
760 3683 815 3751 est,
838 3675 876 3734 Et
892 3695 952 3736 non
967 3697 1067 3736 amare
1079 3677 1201 3752 durum,
1225 3677 1262 3738 Et
1279 3699 1357 3738 vero
1432 3687 1433 3760 ζ

151 3773 251 3814 emere
267 3753 389 3831 durum,
412 3758 573 3818 llurissima
589 3761 723 3820 omnium
737 3780 786 3820 res
802 3759 921 3836 Amare,
942 3781 999 3820 nec
1011 3762 1115 3842 potiri.
1146 3762 1264 3836 Quibus
1281 3785 1359 3822 con-

151 3847 324 3898 sentaneum
341 3850 386 3901 eat
402 3839 462 3902 boc
476 3843 585 3904 Tibull.
601 3845 652 3908 lib.
669 3853 701 3912 2.
719 3845 762 3927 [1,
775 3843 840 3924 79.]
868 3845 921 3906 Λίι
936 3849 1056 3923 miseri,
1079 3867 1155 3927 quoe
1172 3847 1224 3908 ίιίο
1243 3852 1359 3930 gruci-

107 3978 111 3986 ,
150 3932 196 3982 ter
203 3925 294 3982 Deua
302 3937 399 4004 urget,
422 3939 456 3986 at
469 3929 522 3988 ille
536 3931 631 4008 Felix,
652 3935 706 3991 ezei
714 3928 863 4010 placidia
876 3933 982 3991 leniter
996 3933 1091 4013 afflat
1105 3954 1202 3994 anaor.
1221 3935 1258 3994 In
1273 3955 1361 3998 sum-

150 4027 210 4088 ma,
221 4029 322 4068 amans
337 4031 373 4070 eo
379 4056 389 4087 ,
412 4014 495 4091 quod
513 4016 662 4096 potiatur,
684 4018 790 4077 beetus
810 4015 872 4076 dici
887 4027 1003 4098 potest:
1027 4017 1109 4098 quod
1129 4020 1241 4082 serviat
1255 4031 1362 4082 eutem

151 4101 182 4152 et
199 4093 283 4174 quod
300 4115 419 4176 semper
438 4101 587 4178 ‘sollicitus
609 4103 665 4180 sit,
687 4102 767 4182 perit
785 4110 815 4163 et
831 4103 922 4164 miser
940 4113 995 4168 est.
1040 4099 1108 4187 (llis
1122 4112 1361 4168 consentaneum
1432 4169 1433 4180 ,

152 4187 197 4240 est
216 4177 294 4238 illud
319 4180 429 4242 Catulli
453 4183 490 4244 de
513 4183 644 4260 Venere,
670 4189 791 4268 [uxrnn
814 4185 876 4266 18.]
906 4210 985 4268 quoe
1003 4187 1128 4252 „duleem
1147 4195 1233 4252 ouria
1253 4195 1361 4254 noscet
1432 4185 1433 4202 ¹

75 4295 83 4306 »
153 4267 337 4324 amaritiem.
358 4267 476 4330 atillud
485 4270 583 4331 Plauti
599 4273 798 4334 iucistellar.
815 4277 958 4350 [1,1,71.]
982 4277 1125 4357 Namque
1136 4290 1254 4338 ecastor
1270 4300 1362 4338 amor
1432 4337 1433 4358 ,

154 4357 182 4404 et
201 4350 290 4407 melle
307 4361 335 4410 et
344 4353 425 4427 felle
445 4365 488 4414 est
507 4355 766 4437 iucundissimus,
790 4359 896 4420 Gustu
909 4357 967 4420 das
980 4359 1079 4442 dulce,
1101 4383 1251 4434 αιτιοι-ενοι,
1261 4366 1362 4446 'resque
1432 4381 1433 4440 ζ

155 4429 202 4492 ud
210 4435 382 4494 satietatem
398 4437 550 4526 aggerat.)
595 4441 654 4522 [Ex
671 4443 741 4506 edit.
758 4443 870 4526 postu]

17 4545 18 4566 ι
241 4523 290 4586 12.
313 4523 509 4607 Saserna]
532 4527 598 4588 uoti
615 4539 687 4592 aunt
706 4528 863 4610 Cupidinis
887 4529 991 4610 mous,
1011 4539 1102 4596 notes
1117 4535 1260 4615 mgittae,
1283 4533 1364 4596 nibil
