2874 5050
166 227 232 292 460
408 245 413 256 ’
438 265 442 272 -
472 218 677 286 uoututt
701 219 895 286 EPODON
923 213 1072 286 utute.
1172 274 1178 282 .

167 391 295 456 divisam
318 415 354 456 ac
380 393 522 456 tributam
547 403 756 476 consequntur.
792 393 831 454 de
852 393 985 455 sortibus
1013 392 1154 458 nonnilsil
1175 393 1321 454 diximus
1348 395 1387 456 ed
1423 455 1424 466 ,

50 499 58 520 ’
167 479 227 540 Od.
243 501 291 541 ιιι.
307 481 360 544 lib.
376 487 407 548 2.
432 479 551 554 Quanta
566 481 658 558 igitur
672 481 751 542 iuter
766 480 856 560 lupos
869 490 900 540 et
913 499 1005 560 agnon
1020 481 1176 582 ¹discordie
1193 490 1244 542 eet
1262 491 1384 554 natura,
1423 527 1424 566 ,

166 571 267 626 uotae
282 565 353 624 mibi
369 577 470 626 tecum
485 565 657 626 inimicitiae
675 565 876 627 intercedunt.

252 656 282 716 2.
305 651 440 710 Taceat
461 671 551 710 ιιιιιι
571 650 689 732 oisc]
719 651 906 730 subintellige
927 663 1029 728 tento,
1051 661 1086 710 ut
1107 651 1164 726 sit,
1184 651 1292 710 Tanta
1311 647 1384 708 mibi

166 739 268 802 tec'um
286 735 438 798 discordis
455 743 508 796 est.
1254 733 1258 742 “

252 818 837 894 b·1aanrcrerunusrasnnsu.l
860 819 1024 900 tignilicst,
1046 841 1113 880 eum
1129 821 1383 888 fnisseecvum,

164 915 272 986 utpote
289 907 376 972 cuius
398 907 430 982 in
448 906 591 967 lateribus
610 915 639 968 at
659 915 742 988 tergo
766 906 945 980 verberum,
964 907 998 966 in
1018 905 1156 969 cruribus
1177 903 1383 964 vinculorum

165 1085 294 1154 guntur,
315 1077 402 1136 cuins
417 1071 521 1156 tua'gnu
537 1087 582 1137 est
597 1077 628 1136 in
646 1077 790 1158 Hispania
805 1081 901 1158 copia.
921 1079 979 1138 ism
995 1089 1111 1160 peruste
1129 1072 1213 1136 lotus
1234 1083 1289 1134 est
1305 1073 1382 1132 liel-

164 1160 326 1236 lenisnsus,
348 1163 456 1240 idest,
479 1171 530 1238 tu,
554 1163 638 1222 cuius
655 1164 732 1222 latua
747 1173 904 1243 pareatum
919 1171 973 1222 eet.
1000 1169 1004 1184 '

250 1253 281 1312 4.
303 1249 356 1308 Er
379 1267 504 1308 ennea
526 1269 627 1308 onan
649 1247 779 1326 nosen]
801 1257 831 1308 et
851 1249 1176 1328 cuinscrurnperuota
1193 1252 1274 1320 sunt
1290 1241 1381 1302 'duris

165 1331 374 1412 compedibua.
399 1332 484 1412 epiat
502 1336 551 1398 16.
569 1333 624 1394 lib.
640 1339 668 1400 1.
693 1339 734 1410 [s.
749 1335 811 1413 lb]
832 1334 863 1394 in
885 1333 1012 1394 manicis
1029 1345 1056 1392 et
1073 1326 1283 1412 Compedibus
1306 1325 1380 1386 duro

166 1429 195 1476 te
206 1415 260 1478 sub
276 1414 397 1478 custode
412 1415 523 1478 tenebo.
1003 1427 1005 1436 ’

102 1532 107 1553 ¹
133 1535 135 1541 ·
250 1507 282 1566 7.
303 1503 464 1562 Sacrata
485 1523 688 1564 uertant-e
711 1523 756 1563 aa
775 1501 987 1584 vitulam
1007 1521 1062 1582 per
1082 1500 1161 1560 viam
1179 1519 1310 1558 sacrem
1331 1499 1380 1556 in·

167 1583 259 1648 cedis.
279 1586 335 1646 vta
353 1607 439 1646 sacro
456 1589 493 1648 ad
509 1589 689 1668 Capitolium
705 1588 799 1648 ducit.
823 1589 867 1648 aio
882 1599 979 1648 sutem
999 1587 1081 1646 dicta
1101 1595 1163 1660 est,
1186 1583 1277 1663 qnod
1297 1584 1331 1642 iu
1348 1605 1379 1642 ea

167 1671 276 1732 loedue
288 1671 536 1732 interitonsulnm
550 1674 703 1750 etl'atium
718 1675 810 1732 ictum
827 1675 876 1732 ait.
892 1682 997 1732 auctor
1008 1673 1112 1732 Faetus
1124 1671 1231 1750 Pomp.
1249 1669 1379 1728 Odon.

167 1757 272 1817 eodem
289 1757 342 1818 lib.
358 1757 399 1838 [tt.
414 1761 454 1830 7.]
477 1773 509 1816 ut
526 1755 707 1818 descenderet
725 1755 820 1818 Sucro
836 1772 986 1818 catenatus
1001 1759 1060 1818 ota.
1078 1765 1109 1818 cl
1123 1765 1215 1835 selyr.
1230 1759 1263 1820 9.
1281 1754 1338 1814 lib.
1353 1761 1382 1820 1.

169 1839 216 1926 [ν.
233 1839 279 1921 1.]
303 1840 389 1900 Ibam
400 1841 482 1926 forte
492 1845 543 1903 vin
555 1864 658 1918 socru,
680 1845 755 1903 sient
770 1863 849 1902 meua
864 1857 906 1902 eet
921 1862 992 1902 mos.
1284 1851 1290 1860 '

251 1932 282 1994 8.
304 1927 390 1986 Cura
409 1947 467 1988 nra
489 1947 558 1988 ran
581 1947 720 1988 unuan.
743 1925 864 2006 roco]
888 1925 1080 2006 amplissime.
1103 1935 1191 2002 togae
1210 1925 1331 1984 laxitas
1348 1934 1376 1983 et

166 2011 335 2092 amplitudo
350 2013 479 2072 divitum
498 2022 685 2072 eetz’contrs
706 2023 787 2072 srctn
809 2023 879 2090 toga
900 2031 1019 2086 eorum,
1042 2011 1093 2090 qui
1114 2021 1186 2069 aunt
1205 2011 1375 2069 mediocria

166 2107 220 2158 aut
244 2096 331 2158 etiarn
354 2095 497 2158 tenuioris
523 2099 674 2172 lorlunsc,
702 2107 737 2158 ut
762 2097 849 2178 epiet.
872 2098 911 2157 sd
933 2097 1009 2156 Loll.
1029 2104 1059 2162 2.
1084 2096 1136 2154 lib.
1154 2103 1184 2160 t.
1207 2095 1287 2171 [18,
1304 2095 1374 2174 30.]

66 2192 70 2203 “
165 2181 264 2242 Arcto
282 2179 362 2242 decet
376 2205 480 2242 eanum
495 2185 628 2243 comitem
643 2198 722 2268 toga.
744 2181 894 2264 Pes-phys.
909 2184 1019 2242 instem
1032 2191 1119 2261 logne
1129 2181 1372 2258 magnitudinem

165 2283 220 2326 sex
234 2267 311 2326 ulnis
329 2268 498 2327 constitisse
518 2269 586 2326 vult
602 2269 736 2346 intelligi.

249 2355 279 2414 9.
300 2351 353 2410 Ue
374 2371 445 2434 qut
467 2371 619 2412 tenear
641 2353 717 2434 etc]
739 2371 800 2431 qno
814 2361 904 2432 pacto
919 2351 1057 2412 homines
1069 2359 1320 2432 praetereuntes,
1343 2349 1371 2408 io

165 2443 197 2494 te
218 2453 271 2492 ors
287 2445 457 2509 vertentee,
479 2437 692 2514 indignentur?
714 2439 945 2512 indignationem
966 2439 1074 2497 Graeci
1092 2435 1214 2516 uiuente
1236 2446 1268 2494 et
1288 2436 1371 2494 indi-

164 2519 249 2598 gnari
262 2525 391 2606 νεμεσᾷν
404 2531 522 2582 vocant.
536 2523 619 2602 quod
633 2523 788 2601 distinguit
802 2523 977 2582 Aristotelea
989 2515 1051 2584 cited
1060 2525 1115 2584 τοῦ
1124 2527 1261 2598 φθονεῖν
1274 2521 1329 2582 lib.
1342 2527 1369 2586 2

165 2601 203 2664 de
217 2603 350 2666 moribue
366 2605 404 2664 ed
420 2605 653 2678 Nicomscbum,
676 2606 723 2666 bis
738 2605 856 2678 verbio,
878 2603 1072 2686 sentententia
1089 2611 1226 2670 tontum
1241 2605 1294 2668 let
1310 2613 1370 2680 τοῖς

165 2683 297 2764 ducilem
314 2684 530 2772 ednpoimouos·
554 2689 710 2774 φθονερός
727 2685 923 2772 ὑπερβάλλων
938 2697 1046 2756 τοῦτον
1059 2691 1110 2756 tut
1125 2697 1201 2752 πᾶσι
1217 2697 1366 2752 λυπεῖται.

164 2775 196 2834 id
207 2785 269 2848 est,
293 2775 534 2854 indignabundus
549 2797 601 2836 eeu
615 2777 650 2852 ie,
665 2777 723 2856 qni
738 2777 776 2836 nd
790 2777 1005 2854 indignandum
1021 2796 1190 2860 propensus
1203 2787 1268 2850 est,
1285 2775 1368 2836 dolet

165 2879 267 2918 eorum
279 2861 370 2920 rebue
383 2861 539 2932 accendis,
560 2861 612 2940 qui
631 2863 672 2942 eia
689 2861 801 2943 indigni
818 2871 903 2923 eunt:
924 2863 1044 2922 invidus
1058 2861 1137 2921 hunc
1158 2881 1311 2940 aupersne
1323 2884 1365 2922 re

164 2941 221 3004 bus
244 2945 377 3004 omnium
395 2945 545 3036 nocendis,
551 2947 745 3014 contabescit.
789 2948 873 3008 idem
893 2948 1111 3030 propemodum
1137 2939 1245 3006 scribit
1266 2949 1365 3029 ῥηιορ.

165 3025 203 3110 β’.
212 3029 240 3091 el
249 3025 307 3111 γάρ
320 3029 380 3092 ἔστι
393 3027 426 3094 ul
438 3035 568 3136 vepsgdu
582 3039 743 3137 lpneiopus
756 3031 854 3118 tuton
864 3033 1036 3140 φαινομένῳ
1045 3027 1176 3109 ἀναξίως
1192 3027 1365 3136 esisspoypis,

164 3137 231 3262 {tl
229 3113 357 3286 {liti
364 3115 559 3277 ..iiiiii
572 3139 633 3261 tlt.
648 3112 752 3262 iiii
752 3141 767 3278 ,⁶
786 3117 1146 3286 {tltt‘tltltil
1146 3125 1365 3288 '5531sz
1423 3163 1424 3254 ξ

164 3281 202 3345 cb
218 3286 289 3360 eiua,
333 3287 488 3368 uiproeter
502 3285 672 3368 dignitdtem
687 3303 714 3346 et
727 3291 859 3347 meritum
876 3285 990 3350 uidetur
1004 3311 1064 3348 rem
1078 3311 1160 3348 sunm
1176 3287 1362 3366 benegerm,

129 3389 133 3405 ¹
165 3393 209 3430 res
221 3309 380 3430 secundos:
399 3374 525 3450 primum
540 3369 655 3454 quidem
668 3373 852 3456 perspicuum
869 3389 919 3448 eet,
942 3395 1000 3434 non
1014 3371 1103 3434 licere
1116 3370 1154 3430 ab
1171 3375 1274 3434 omnin
1289 3371 1364 3432 bero
1423 3387 1424 3412 ι

162 3451 331 3536 indignos-i,
353 3455 407 3516 sed
427 3455 464 3517 ob
488 3455 608 3517 olinitius
629 3471 655 3516 et
674 3461 835 3539 potentium
855 3475 908 3518 etc.
931 3457 1092 3518 duntaxat.
1121 3458 1241 3516 etitem
1261 3459 1362 3536 Topic

164 3535 202 3620 β.
222 3538 414 3620 νεμεσηνικὸς
432 3539 464 3602 dl
484 3541 500 3604 6
519 3536 710 3622 λυπούμενος
732 3542 781 3606 ἐπὶ
800 3550 865 3617 ταῖς
881 3549 946 3606 ecio
967 3547 1080 3606 κακῶν·
1095 3536 1281 3624 εὐπραγίαις.
1304 3543 1362 3604 buc

162 3625 295 3704 pertinet
309 3627 394 3686 loono
412 3627 462 3686 ille
477 3627 628 3686 Ciceronis
649 3629 688 3688 od
707 3629 836 3690 Atticum
855 3629 905 3687 lib.
920 3635 948 3695 5.
967 3627 1030 3734 [ep.
1048 3627 1111 3706 19.]
1134 3607 1194 3687 noir
1216 3631 1289 3688 estio
1308 3651 1361 3689 ex-

163 3710 303 3790 plicatus.
327 3725 359 3770 ut
377 3709 466 3770 libate
487 3709 538 3769 aad
556 3709 647 3790 plone
667 3711 800 3792 gaudeo,
824 3701 963 3794 piculam
980 3737 1012 3773 eo
1027 3719 1157 3794 νεμεσᾶν
1171 3714 1291 3772 interest
1310 3721 1362 3776 eati

163 3799 304 3872 φθονεῖ..
321 3791 437 3854 uecta
458 3795 622 3878 (inquitet.
637 3797 732 3874 nun)
753 3795 805 3855 ...ι
815 3794 906 3878 pune
926 3795 1061 3878 genem,
1083 3777 1226 3858 vilenco
1242 3799 1359 3860 ulmo

160 3881 311 3960 repulsam
327 3879 440 3939 tulisse.
459 3885 615 3941 eratenim
631 3881 771 3960 indignus
786 3903 821 3941 eo
836 3881 968 3957 honore,
991 3903 1078 3962 quem
1098 3885 1237 3964 petebat,
1258 3905 1360 3965 nempe
1423 3903 1424 3926 t

163 3973 320 4044 auguratu.
363 3965 468 4044 ltaque
483 3965 508 4024 ai
525 3987 592 4027 eum
609 3967 793 4042 obtinuisset,
815 3987 870 4046 ego
886 3969 991 4028 merito
1006 3969 1178 4048 indignatus
1192 3989 1290 4030 eonem
1309 3993 1359 4030 ue·

163 4069 222 4132 que
234 4043 359 4130 propter
375 4071 470 4110 meam
487 4051 719 4130 indignationem
733 4053 869 4112 invidere
886 4057 913 4114 ei
928 4053 1072 4114 bonorem
1093 4055 1239 4116 dicendus
1258 4077 1358 4116 essem·

163 4135 264 4196 differt
277 4137 354 4194 enim
371 4131 405 4212 ed
425 4139 570 4223 concupio,
592 4139 676 4218 qnod
688 4138 835 4220 indiguum
853 4141 958 4200 Latine
976 4139 1120 4214 dicimus,
1143 4141 1180 4199 ab
1203 4163 1256 4218 eo,
1282 4143 1358 4222 quod

163 4221 375 4294 eatinvidere,
397 4241 451 4280 eeu
471 4229 617 4301 φθονεῖν,
640 4233 673 4282 nt
690 4223 795 4282 Graeci
812 4227 972 4286 nominant.
1016 4227 1116 4304 Atque
1135 4225 1220 4286 bunc
1242 4229 1357 4306 quidem
1423 4273 1424 4302 ,

163 4307 264 4366 locum
279 4307 323 4366 eie
336 4306 466 4366 arbitror
482 4325 546 4368 eoae
564 4309 793 4387 explicandum,
816 4331 893 4386 uon3
912 4321 947 4370 ut
968 4311 1018 4370 ulii
1033 4311 1285 4389 interpretantur,
1308 4315 1358 4371 in-
1423 4335 1424 4390 t

165 4405 264 4469 terest,
284 4392 393 4466 idest,
412 4393 487 4452 utile
504 4401 617 4452 eatetc.
640 4413 715 4452 nom
723 4393 800 4454 illud
816 4397 930 4455 interest
952 4415 1007 4476 pro
1028 4396 1130 4456 differt
1152 4407 1198 4456 est
1221 4399 1356 4476 positum.
1423 4433 1424 4496 ,

165 4477 382 4540 ut'tlcudemic.
398 4483 430 4544 2.
453 4481 505 4562 qui
515 4475 572 4540 illo
589 4479 668 4554 cieo,
683 4501 701 4537 e
714 4477 819 4562 quidus
832 4483 932 4544 omnio
946 4479 1062 4542 decreto
1074 4495 1142 4542 sust
1156 4495 1237 4558 nato,
1249 4495 1355 4566 urguet
1423 4519 1424 4530 ι

165 1001 196 1052 et
212 991 392 1072 compedum
409 1001 560 1052 enatarent
572 993 707 1071 vestigia.
749 991 846 1052 Funes
861 991 971 1052 iberici
985 1001 1085 1052 sutem
1103 1011 1119 1050 e
1135 999 1245 1070 sparto
1268 989 1381 1046 iutelli-
