2894 5052
1030 111 1037 144 Ι

295 211 381 274 mo.
402 211 442 275 11.
478 175 548 277 ori.
570 211 621 280 vr.
657 233 688 276 v.
713 219 765 281 ao.
801 213 870 278 ον.
893 212 956 336 qu.
984 235 1014 278 v.
1038 219 1164 285 1-16.
1263 221 1360 292 aaa

120 385 239 444 Notum
251 383 331 446 illud
345 383 385 446 de
398 384 614 466 Epaminonda,
637 394 703 448 tam
717 385 847 466 denique
859 383 918 446 eibi
931 385 1021 450 avelli
1036 385 1188 467 apiculum
1200 385 1334 466 iubente,

121 471 367 549 posteaquam-ei
382 471 575 552 percontanti
589 471 705 532 dietam
722 482 783 546 eat,
806 471 945 552 elypeum
961 493 1023 533 aare
1039 474 1173 550 calvum,
1195 483 1230 533 ut
1244 477 1333 534 etiam

120 557 155 614 in
176 555 315 618 vulneria
339 555 443 618 dolare
466 577 562 636 aequo
586 558 683 616 animo
706 577 774 616 cum
788 557 883 618 laude
903 553 1293 638 umreretur.=6rpaiamdaq
1314 581 1331 620 a

123 641 251 700 Graecia
281 641 488 722 appellantur,
518 641 571 720 qui
595 641 711 704 abiecto
732 642 852 722 clypea'
867 641 987 718 sagium
1006 664 1022 703 e
1044 645 1174 723 proelio.
1225 645 1332 723 ltaque

120 725 302 786 Aristotelea
321 727 374 790 lib.
396 733 427 793 2·
447 725 571 788 libatur.
601 727 640 788 de
659 727 777 810 pudore
799 728 966 803 diaaerena,
996 739 1190 810 posteaquam
1215 730 1331 808 docuit,

120 809 272 891 pudorem
288 813 432 872 exaietere
446 811 484 872 ob
497 833 529 872 ea
546 813 639 888 mala,
662 819 741 894 quae
756 813 860 892 turpia
879 813 975 874 videri
996 815 1113 890 aalent,
1134 817 1214 876 inter
1231 827 1330 877 catera

121 897 322 976 turpitudinis
344 899 480 978 exempla
502 896 562 956 hoc
582 919 702 978 quoque
716 899 817 978 ponit,
840 893 1026 979 ἀποβάλλειν
1041 893 1189 982 ἄσπλδαῆ
1207 906 1328 986 φυγεῖν,

120 981 155 1042 id
168 991 231 1058 eat,
254 981 385 1044 abiicere
398 1003 451 1042 acu
463 981 601 1044 amittere
611 985 757 1065 'clypeum
774 985 825 1044 vel
840 985 954 1062 fugere.

209 1093 261 1154 11.
282 1090 332 1149 Er
352 1108 523 1150 minicea
547 1091 676 1152 Tuane
699 1113 779 1152 aon.
801 1079 948 1170 reare]
978 1089 1010 1150 id
1029 1097 1092 1167 eat,
1111 1087 1330 1168 occubuerant,

119 1173 308 1242 ceciderant.
330 1175 373 1234 aie
386 1175 469 1252 Virg.
485 1173 559 1238 Aen.
578 1184 626 1242 11.
643 1177 688 1256 [ν.
703 1175 791 1256 418]
814 1175 976 1237 Procubuit
994 1177 1137 1251 moriens,
1159 1189 1186 1234 et
1208 1173 1329 1234 lamam

119 1257 452 1320 camelorememordit.
474 1261 596 1337 ibidem,
618 1263 659 1341 [v.
674 1261 758 1342 669]
782 1277 932 1322 cruentam
947 1257 1073 1321 Manen
1088 1259 1216 1320 humum.
1246 1259 1329 1319 Ovid
1430 1301 1431 1306 κ

118 1343 321 1424 metamorph.
334 1349 365 1409 9.
381 1349 421 1418 [v.
433 1349 496 1419 61·]
518 1361 545 1406 et
560 1369 667 1408 arenas
682 1371 730 1408 ore
744 1343 913 1410 momordit.
944 1345 1093 1406 Humerus
1108 1346 1145 1408 tl.
1159 1339 1199 1426 β’.
1215 1342 1328 1424 [Mil

119 1427 179 1508 aq]
201 1423 351 1503 nollecd’
374 1424 451 1511 a'pq'i
477 1426 568 1497 αὐτὸν
589 1433 702 1514 ἑταῖροι
721 1430 858 1516 Πρηνὲες
878 1431 911 1494 ἐν
930 1433 1069 1518 κονίῃσιν
1091 1425 1167 1506 σ’δᾶξ
1189 1431 1327 1504 λαζοίατο
1413 1471 1415 1482 1

116 1521 220 1598 paine.
246 1515 280 1574 id
303 1523 365 1588 eat,
392 1517 481 1578 multi
504 1527 602 1578 antem
626 1519 740 1582 circum
765 1537 833 1578 eum
855 1515 942 1577 arnici
963 1517 1054 1598 proni
1077 1515 1161 1576 humi
1183 1515 1329 1576 'dentibua

117 1611 232 1660 terram
250 1599 414 1663 mordeant.
438 1608 469 1662 et
485 1602 522 1664 tt.
538 1597 581 1664 ω’.
600 1603 642 1682 [v.·
660 1603 746 1683 788]
766 1597 842 1678 ὄδοὶξ
865 1602 933 1666 ἔλον
949 1599 1080 1664 ἄσπετον
1095 1591 1198 1673 οὖδας.
1218 1599 1252 1660 id
1272 1610 1328 1677 eat,

117 1686 261 1746 dentibua
278 1695 376 1746 autem
395 1687 620 1767 prehenderunt
639 1709 780 1770 magnum
802 1688 860 1747 aoli
878 1687 1021 1770 apetium.
1042 1697 1074 1748 et
1094 1687 1132 1750 tt.
1151 1682 1187 1768 χ’.
1207 1685 1248 1766 [r.
1265 1685 1326 1766 lli]

115 1763 182 1851 ἦκ’
198 1771 242 1835 ἔτι
256 1771 364 1835 πολλοὶ
375 1777 472 1836 Γαῖαν
483 1766 555 1849 dett
572 1768 663 1849 altor,
681 1769 854 1858 αρλνἼλιον
866 1770 1085 1851 ελςαφικέσθαι.
1107 1773 1139 1832 id
1155 1779 1208 1848 eat,
1223 1771 1328 1840 Proie-

116 1865 168 1916 cto
185 1868 341 1938 praeterea
360 1859 449 1918 multi
464 1867 574 1919 terram
597 1859 736 1920 dentibus
755 1857 998 1940 prehenderunt,
1020 1857 1194 1938 priuaqnam
1210 1855 1330 1926 Troiam

21 1973 22 1986 ο
114 1943 323 2022 pervenerint.
364 1943 524 2024 Euripiden
552 1943 707 2006 Phoenica.
732 1947 827 2018 [1423
849 1948 906 2023 aq]
942 1949 1039 2006 Γαΐαν
1058 1937 1091 2005 d'
1116 1936 1191 2017 σ’δολξ
1211 1933 1331 2016 ἑλόντος

116 2022 258 2108 ἀλλήλων
271 2027 373 2105 πέλας,
415 2030 587 2092 Πλπαονσιν
602 2027 705 2110 epea.
726 2029 758 2090 id
783 2038 842 2104 eat,
863 2041 975 2088 terrem
998 2037 1096 2088 antem
1116 2025 1258 2088 dentibna
1276 2026 1330 2088 ubi

117 2113 367 2190 momorderunt,
389 2115 467 2174 alter
480 2131 577 2194 prope
592 2116 720 2174 alterum
738 2114 921 2174 ceciderunt.
941 2122 944 2130 '
963 2113 1035 2174 Tale
1057 2123 1104 2173 eat
1122 2113 1202 2172 illud
1219 2113 1330 2172 iterum

117 2219 156 2256 ex
171 2198 305 2259 Homero
323 2197 360 2261 λλ.
376 2193 410 2260 λ’.
426 2199 466 2278 [ν.
484 2197 570 2278 425.]
591 2193 690 2273 Αὐτὸς
713 2193 746 2264 d'
769 2197 803 2261 ia
820 2199 945 2282 noviper
960 2195 1065 2260 πεσοόν
1086 2197 1132 2265 ile
1151 2202 1242 2280 γαῖαν
1258 2190 1329 2278 ἆγο-

18 2309 19 2342 t
116 2288 188 2364 erpi.
210 2284 243 2343 iel
262 2293 323 2358 eat,
346 2277 411 2362 ipae
427 2293 527 2343 autem
543 2284 575 2342 iu
588 2284 730 2364 pulverea
744 2277 895 2362 collapsae
912 2281 1075 2360 prehendit
1088 2293 1199 2343 terram
1214 2281 1328 2352 cubito,

114 2367 186 2442 vel,
208 2378 243 2427 at
257 2368 307 2426 alii
321 2367 575 2447 interpretantur,
600 2369 709 2448 palma.
732 2367 821 2448 quale
845 2375 891 2426 eat
905 2365 982 2426 illud
998 2367 1167 2426 Ennianum
1187 2371 1238 2428 10.
1258 2363 1330 2420 An-

16 2493 17 2496 *
115 2453 178 2514 nal.
201 2450 364 2514 Pinariam
378 2467 485 2512 terrem
498 2451 631 2534 genibus.

206 2563 255 2626 13.
277 2561 349 2618 Sao
371 2577 422 2618 nan
443 2577 513 2618 aen
534 2579 701 2638 uoernra
720 2555 790 2638 etc]
812 2559 858 2618 aie
874 2555 956 2636 apud
970 2553 1060 2614 Ham.
1079 2553 1116 2616 a.
1129 2546 1167 2656 γ’.
1183 2551 1225 2634 [v.
1240 2549 1329 2632 881]

115 2643 220 2703 Venua
237 2643 378 2704 Paridem
403 2643 482 2703 nube
504 2653 619 2703 tectum
643 2665 660 2704 a
681 2644 842 2704 certamine
865 2643 965 2720 eripit.
993 2641 1038 2699 aia
1060 2639 1098 2700 ll.
1116 2661 1147 2702 ε.
1175 2635 1329 2716 l‘hageurn

112 2729 286 2806 Vulcanus,
309 2728 350 2808 [v.
365 2728 428 2809 tt]
450 2723 698 2808 Ἀλλ’Ἥφαισαος
714 2729 816 2812 ἔρυτο,
838 2721 937 2790 σάωσε
959 2723 992 2787 di
1012 2723 1101 2788 avari
1119 2715 1270 2804 καλύψας.
1296 2709 1330 2782 id

115 2825 171 2890 eat,
194 2816 238 2875 At
251 2815 405 2875 Vulcanus
421 2814 533 2893 eripuit
547 2834 582 2873 ac
597 2815 729 2874 servavit
738 2825 828 2874 nocte
844 2821 993 2892 opertum.
1014 2810 1059 2868 eia
1072 2807 1202 2868 Aeneam
1216 2809 1329 2885 Venae,

114 2921 214 2980 eaque
230 2923 247 2960 a
263 2901 406 2959 Diomede
419 2900 577 2962 vulnerata
594 2910 624 2958 et
638 2899 772 2976 fugiente
789 2900 821 2958 in
842 2897 906 2958 eiua
923 2893 1024 2956 locum
1046 2893 1211 2954 auccedena
1228 2891 1329 2954 Phae-

16 2975 17 2984 *
113 2985 189 3062 bue,
214 2985 248 3065 [l.
266 2985 288 3046 l.
305 2991 366 3052 343
381 2983 438 3066 aql]
460 2981 544 3048 Ἡδὲ
559 2977 622 3066 μέγ’
636 2977 765 3064 ἰάχουσα
784 2979 845 3048 eiad
860 2982 891 3046 ἕο
909 2978 1062 3062 κάββαλεν
1073 2973 1164 3043 aida·
1194 2977 1257 3042 Kal
1273 2973 1329 3042 ria

113 3069 172 3152 μὲν
188 3067 262 3152 perci
275 3069 376 3152 χερσὶν
398 3065 525 3153 ἐρύσατο
543 3071 657 3150 Φοῖβος
672 3063 825 3132 Ἀπόλλων
844 3065 967 3150 Κνανὲῃ
993 3063 1116 3150 νεφέλῃ.
1136 3064 1169 3126 id
1193 3073 1252 3143 eat,
1272 3063 1327 3123 illa
1355 3107 1359 3124 .

114 3167 218 3216 autem
233 3177 340 3234 magno
363 3157 494 3216 clamore
517 3155 636 3216 sublato
652 3177 670 3215 a
688 3155 828 3216 refilium
843 3155 974 3212 Aeneam
998 3149 1123 3228 deiecit;
1146 3159 1236 3230 atqua
1259 3168 1327 3210 eum
1419 3195 1423 3206 ,

16 3263 17 3272 ’
113 3243 329 3321 quidcminter
345 3261 450 3302 manua
465 3261 533 3300 auae
555 3241 688 3301 servavit
706 3239 817 3321 Apollo
840 3239 928 3318 nigra
949 3235 1030 3296 aruba
1051 3245 1175 3298 tectum.
1217 3231 1326 3295 Horat.

113 3328 186 3390 inlr.
212 3329 313 3405 Satyr.
331 3332 362 3392 9.
383 3327 436 3389 lib.
459 3333 489 3392 t.
520 3317 601 3406 [fin]
627 3327 672 3386 aie
693 3347 740 3384 me
761 3325 886 3384 servavit
908 3317 1038 3406 Apollo.
1066 3340 1237 3403 quanquam
1265 3317 1326 3380 hac

112 3411 314 3474 Horatianurn
327 3411 450 3493 quidam
468 3411 554 3470 aliter
568 3411 684 3472 dictum
698 3409 816 3473 volunt.
986 3407 989 3414 “

203 3519 254 3588 14.
277 3521 405 3579 Draco
427 3517 546 3598 anna]
570 3518 669 3594 nube,
689 3499 726 3578 ui
739 3517 828 3578 liam.
848 3511 963 3599 euuaip
977 3509 1101 3599 νεφέλῃ.

203 3633 254 3694 16.
274 3627 418 3686 Funera
440 3623 675 3704 aearuoars]
703 3639 801 3686 aeetae
821 3623 955 3684 marinae
973 3620 1128 3700 appellant
1147 3617 1222 3678 bani
1241 3619 1326 3679 acri-

100 3725 221 3795 -ptorea
245 3713 335 3774 maria
361 3732 499 3772 aeceaaua
519 3719 549 3770 et
568 3729 720 3786 moesone,
747 3709 839 3769 maria
867 3709 1027 3767 servorem.
1071 3705 1135 3766 Cic.
1156 3703 1195 3766 de
1217 3713 1326 3766 natura

114 3803 249 3860 Deorum
271 3799 374 3864 lib-2·
400 3797 569 3878 [53,1S2·]
592 3796 821 3856 aestuamur-ini
843 3807 904 3852 tam
935 3787 1120 3866 aecedentes,
1150 3803 1213 3849 lam
1243 3813 1325 3866 rece·

113 3883 225 3945 alentes.
269 3884 351 3948 Idem
369 3881 407 3943 de
419 3883 550 3944 Divinat.
571 3881 622 3940 lib.
636 3887 666 3946 ἲ.
692 3879 756 3961 [t4‚
775 3879 840 3959 34]
866 3874 998 3955 (triade
1010 3875 1107 3962 flutio
1129 3889 1182 3934 aut
1201 3875 1327 3934 mannia

114 3968 247 4030 oeaeibua
263 3966 390 4031 alicam?
417 3964 529 4028 undam
552 3976 651 4026 autem
674 3962 876 4026 recordantem·
887 3961 980 4038 dixit,
1003 3969 1039 4020 ut
1062 3960 1243 4039 exprimeret
1261 3958 1324 4018 vim
1418 3987 1419 3998 ο

112 4055 247 4117 neminie
265 4053 375 4114 Graeci
387 4049 533 4132 ipanus:
557 4051 694 4112 eateaim
713 4047 849 4132 ἄμπωτις
869 4047 956 4126 quaai
973 4042 1086 4118 dianae
1104 4037 1268 4124 circinante,
1289 4043 1323 4102 id

113 4149 298 4218 eatpaqaaa
321 4139 370 4223 (ut
382 4139 423 4198 ita
438 4135 550 4218 dicam)
573 4137 725 4216 reeorptio
748 4145 800 4194 aut
821 4131 953 4212 repotia.
996 4131 1125 4190 Siosere
1143 4131 1327 4202 locatuaeat
1368 4179 1370 4184 .
1416 4191 1417 4222 p

113 4226 158 4288 ld.
171 4225 251 4284 Tull.
271 4226 303 4284 iu
319 4227 417 4285 Bruto
438 4223 616 4282 deCurione
639 4223 751 4281 aluba
771 4221 949 4290 interiecto,
973 4214 1039 4294 [81,
1059 4214 1149 4294 282]
1173 4211 1225 4274 aad
1246 4212 1329 4305 Ιννησ
1415 4229 1417 4300 J

114 4333 233 4394 quoque
245 4307 398 4384 adpardaa't
412 4323 509 4370 aeetae
524 4305 647 4392 quidam
662 4329 721 4367 nen
737 4303 874 4367 &inolitae
896 4295 1130 4362 adolescentibus
1146 4297 1272 4380 gloriae.
1295 4308 1326 4358 et
1413 4307 1416 4377 l

115 4395 256 4456 Catullaa
272 4395 311 4454 ad
325 4395 626 4470 Manlium,¹[nxv1u,
648 4393 731 4464 108.]
752 4403 839 4450 tanta
854 4401 884 4451 ta
903 4383 1063 4448 abacelam
1083 4387 1194 4447 conice
1214 4383 1327 4446 amaria
1414 4387 1415 4428 ἒ

115 4485 233 4542 Aeaeae
247 4481 279 4540 in
295 4479 452 4564 abruptam
471 4475 615 4542 detulerat
630 4475 809 4540 barathrum.
1294 4483 1298 4492 '
1413 4431 1415 4503 i

120 4841 127 4874 l

16 4959 222 4993 ᾑ--Ω-μ-,ι
