2894 5052
125 289 191 364 rto
237 261 238 266 '
507 281 712 346 uoaurn
740 225 970 350 canatur]
1058 249 1085 341 J

90 481 91 492 ¹
124 459 207 524 Idne.
249 457 360 520 Verum
372 455 520 520 Pindarus
535 451 645 538 άλνμπ.
662 457 714 522 stt.
731 454 768 540 η’.
791 469 967 540 utrumque,
990 456 1162 540 Apollinem
1177 455 1329 548 (inquam)

125 555 157 606 et
168 546 356 624 Neptunum,
380 543 574 604 Laomedonti
590 563 696 624 operas
710 545 825 609 locasse
841 547 880 606 ad
896 565 1051 611 murorum
1065 547 1263 617 Troianorum
1279 543 1332 610 ex-

125 631 320 690 structionem
335 639 452 706 armat,
476 629 605 691 Aeacum
620 630 709 690 etiam
722 629 899 692 adhibuisse
906 632 961 691 sibi
977 633 1091 696 socium
1106 644 1135 694 et
1152 633 1331 694 adiutorem.

123 716 170 776 sie
184 716 267 788 l'ind.
287 713 345 780 Τὸν
357 710 514 798 (Aeacum)
537 712 690 790 άΛατοῦς
708 711 881 800 εάρνμλδαν
894 740 926 780 τε
942 721 1098 783 Ποσειδᾶν
1106 713 1188 802 Ἰλίῳ
1207 707 1332 799 μέλλονῖ

123 794 399 884 τεςέπλοράφανον
419 804 542 876 Trokna,
564 799 890 884 καλέσαντοοννεργόν
906 804 1031 882 Τιλχεος.
1074 804 1136 866 Hac
1153 825 1247 884 poena
1266 825 1331 864 uu-

38 925 41 932 ·
122 896 184 946 tem
205 907 256 946 eos
273 887 413 946 affecerat
426 883 541 966 Iupiter
554 894 732 966 propterea,
762 890 928 968 quodcum
949 889 1062 950 lunone
1082 891 1331 971 conspiraverant

123 975 162 1031 ad
179 972 295 1034 illurue
319 973 403 1032 caelo
418 991 570 1050 regnoque
585 973 823 1056 deturbandum,
847 985 881 1034 ut
899 974 943 1033 ait
961 975 1049 1036 Hom.
1072 978 1109 1038 tt.
1131 971 1160 1038 ά.
1187 981 1226 1050 [ν.
1242 971 1329 1054 399]

1 1077 2 1084 ’
119 1051 251 1120 Ὁκπότε
267 1081 319 1137 μιν
331 1059 479 1137 ξυνδῆσαι
497 1051 653 1136 Ὀλύμπιοι
668 1055 785 1138 ἤθελον
808 1057 910 1135 ἄλλοι,
924 1055 1004 1144 Ἥρη
1025 1055 1057 1122 τ’
1078 1053 1134 1141 η’ὄλ
1149 1057 1330 1124 Ποσειδάων

7 1218 10 1228 Ι
53 1203 56 1208 ,
121 1141 174 1204 καλ
191 1136 481 1221 ΦοῖβοςἈεεάλλαν.
503 1144 547 1201 sic
567 1144 644 1202 enim
662 1144 818 1222 legendum
841 1145 1017 1206 insecundo
1040 1166 1143 1221 versu,
1160 1167 1222 1206 non
1240 1150 1329 1208 Παλ-

120 1223 177 1300 λάς
198 1222 340 1310 Ἀθήνη,
362 1235 396 1287 ut
416 1225 528 1288 habent
545 1227 663 1289 codices
687 1232 810 1308 vulgati.
832 1231 975 1292 Horatius
990 1251 1111 1310 quoque
1128 1234 1193 1310 ipse
1215 1231 1328 1292 Pinda-

119 1333 188 1376 rum
207 1323 326 1374 secutus
345 1313 516 1392 Apollinem
534 1333 593 1372 una
611 1335 678 1374 cum
702 1317 843 1397 Neptuno
861 1337 966 1378 muros
983 1317 1127 1378 Troianos
1142 1321 1328 1378 exstruxisse

120 1399 269 1481 significat
288 1401 340 1458 iat.
364 1399 422 1458 bac
437 1399 539 1462 eadem
562 1399 618 1459 Od.
665 1401 724 1460 Ter
747 1404 773 1464 ri
793 1416 925 1481 resurgat
944 1425 1046 1460 murus
1065 1405 1170 1462 atam
1193 1402 1329 1462 Auctore

119 1481 247 1546 Phoebo.
264 1495 294 1544 et
307 1485 409 1565 Eurip.
427 1485 458 1544 in
473 1485 578 1546 Oreste
592 1485 734 1563 Pergama
750 1487 906 1568 Apollinea
920 1497 1018 1556 vocat,
1040 1487 1081 1567 [v.
1095 1487 1206 1566 1385.]·
1217 1489 1327 1560 ξεστῶν

123 1564 295 1649 Περγάμων
310 1565 514 1634 Ἀπολλωνίων
531 1569 669 1652 detersio·
692 1565 814 1636 ὄτιοτολ.
838 1573 925 1632 aliter
941 1573 1077 1632 Catullus
1097 1573 1127 1632 ia
1145 1573 1275 1632 carmine
1289 1571 1328 1632 de

120 1653 237 1734 nuptiis
255 1657 332 1715 Pelei
350 1665 379 1716 et
392 1655 478 1716 Ther.
490 1657 534 1743 [ν.
550 1655 635 1735 368]
674 1655 763 1717 Urbis
779 1655 952 1734 Dardaniae
966 1655 1117 1738 Neptunia
1130 1655 1239 1730 solorre
1254 1657 1329 1716 uirt-

119 1738 181 1800 cdo.
196 1751 226 1800 et
242 1741 323 1820 Virg.
334 1745 416 1802 ¹deu.
431 1750 460 1808 5.
478 1747 522 1814 [v.
539 1741 624 1821 810]
641 1765 772 1822 cuperem
789 1765 854 1802 cum
870 1756 976 1802 uertere
990 1743 1028 1800 ob
1043 1743 1102 1802 imo
1118 1739 1239 1802 Structo
1255 1742 1340 1800 meis*

120 1823 257 1886 monibus
268 1829 402 1908 periurae
414 1829 528 1892 moenio
544 1829 658 1889 Troiae.
677 1837 707 1886 et
721 1835 750 1893 2.
762 1827 924 1907 ‘Neptunia
943 1827 1045 1886 Troia.

116 1961 121 1970 ·
207 1933 257 1996 23.
279 1930 393 2005 Maur,
417 1932 651 2000 Casranoos
673 1949 785 1990 naua.
810 1929 909 2006 Mun]
934 1929 1008 1988 luno
1026 1926 1327 1994 etblinervs‘lbuis·

29 2039 32 2046 ·
119 2033 175 2074 nos
190 2014 371 2093 implacabili
387 2015 457 2074 odio
475 2016 743 2096 persequebantur.
787 2013 894 2094 ltaque
913 2015 994 2094 apud
1009 2014 1089 2092 Virg.
1112 2011 1185 2074 den.
1200 2017 1229 2075 2.
1251 2033 1326 2090 par-

119 2101 172 2160 tim
187 2099 301 2160 hosteia
317 2111 489 2176 arcessunt,
513 2102 620 2180 partim
633 2104 717 2180 ipsae
739 2101 842 2176 urbem
856 2101 1030 2159 incendunt.
1050 2108 1084 2158 et
1104 2098 1187 2178 apud
1201 2097 1324 2158 Homer.

77 2185 255 2248 :Menelao
271 2188 374 2246 favent
389 2187 475 2246 llam.
494 2187 531 2248 tt.
553 2180 587 2247 δ’.
614 2185 659 2265 [v.
672 2185 715 2266 7.]
746 2185 836 2246 Δοιαὶ
852 2183 907 2265 μὲν
924 2179 1075 2268 Μενελάῳ
1099 2177 1245 2263 α’ρηγόνες
1266 2181 1325 2245 alul

117 2269 233 2347 θεάων,
245 2267 326 2350 Ἥρη
340 2265 369 2331 τ’
380 2266 505 2351 «Ἀργείη
520 2269 572 2353 καλ
585 2265 816 2350 Ἀλαλκομενηῒς
829 2264 956 2349 Ἀθήνη.
999 2269 1043 2328 Ac
1058 2269 1180 2328 lunonis
1202 2263 1324 2346 quidem
1375 2302 1379 2306 ·

116 2356 149 2414 in
162 2356 311 2414 Priamum
326 2356 428 2414 odiuin
443 2355 601 2414 declarant
617 2378 661 2432 ea,
677 2375 752 2435 quae
770 2355 906 2434 loquitur
922 2355 1038 2436 Iupiter
1052 2355 1117 2413 eod.
1133 2353 1185 2415 lib.
1205 2353 1322 2434 [usk]

92 2443 97 2452 '
116 2443 287 2520 Δαιμονίη,
308 2431 338 2502 ri
355 2435 394 2502 νά
417 2461 450 2502 σε
474 2443 614 2522 Πρίαμος
630 2433 781 2522 Πρλαμοιά
794 2463 825 2502 τε
842 2441 947 2514 παῖδες
966 2437 1063 2502 udone
1079 2436 1159 2500 ιιακά
1174 2440 1321 2519 ῥέζουσιν.

115 2519 163 2590 ‘dr'
183 2521 327 2606 άοπερχὲς
340 2528 507 2606 μενεαίνεις
518 2521 605 2588 ’λλλον
617 2520 798 2601 ἐξαλαπάξαι
813 2525 987 2602 ἐϋκτίμενον
1001 2525 1184 2606 πτολίεθρον
1192 2549 1202 2599 3
1232 2525 1276 2586 El
1289 2519 1324 2586 db

91 2679 95 2696 .
117 2605 190 2694 σύγ’
215 2613 393 2686 statuatur
408 2606 506 2685 πάλας
526 2611 578 2674 καλ
603 2614 701 2694 τείχεα
721 2605 839 2692 μακρά,
872 2605 967 2692 Ὠμάν
988 2604 1160 2690 βεβρώθοις
1182 2610 1323 2690 Πρίαμον

117 2691 273 2778 Πριάμοιό
294 2719 326 2758 τε
336 2699 462 2770 παῖδας,
475 2693 603 2770 ’Ἄλλους
614 2719 645 2759 τε
662 2702 783 2779 Τρῶας,
804 2691 868 2762 rn'rt
888 2717 941 2758 κεν
955 2689 1221 2775 χόλονέξακλοαιο.
1245 2714 1324 2774 quo-

114 2803 184 2844 rum
202 2801 344 2842 versuum
360 2781 435 2842 haec
450 2784 511 2842 sere
529 2783 751 2858 sententium,
774 2782 895 2855 lnielix,
919 2782 992 2860 quid
1006 2781 1035 2840 in
1049 2791 1079 2839 te
1098 2789 1214 2840 tantum
1231 2779 1325 2839 Pria-

115 2887 183 2928 mus
200 2877 230 2928 et
244 2867 353 2928 Priami
373 2867 428 2926 salii
448 2879 697 2944 commeruerunt,
712 2887 804 2947 quare
819 2875 968 2948 perpetuo
985 2865 1223 2933 urbem'l'roiam
1238 2883 1325 2924 ever.

115 2963 180 3014 tere
194 2947 338 3013 studeas?
359 2953 398 3012 m
415 2935 494 3013 si'tu
508 2951 627 3013 Troiam
649 2955 781 3034 ingressa
802 2953 950 3014 Priamum
965 2952 1092 3011 crudum
1113 2961 1144 3010 et·
1165 2951 1229 3009 aius
1243 2950 1324 3010 filios

117 3039 252 3118 aliosque
266 3039 411 3098 Troianos
426 3039 599 3114 devorares,
614 3049 678 3099 tum
692 3041 766 3098 iram
781 3047 864 3097 tuam
878 3039 1014 3116 expleret
1028 3055 1064 3096 ac
1076 3037 1213 3095 sedares..
1244 3037 1324 3094 Rur-

117 3145 169 3183 sur
181 3124 312 3198 Palladis
328 3124 360 3182 in
370 3125 500 3184 Graecos
514 3125 645 3185 studium
663 3145 701 3185 ex
716 3125 771 3184 illo
782 3125 851 3183 loco
864 3122 992 3199 intelligi
1008 3132 1117 3202 potest,
1133 3123 1172 3183 tt.
1188 3114 1219 3183 ε’.
1234 3119 1322 3200 [510]

115 3209 183 3274 tuat
202 3209 249 3272 tta
271 3203 409 3272 Παλλάδ’
429 3205 568 3290 ’Λθήνην
587 3209 773 3292 Οἶχομένην·
795 3207 818 3288 οἱ
829 3198 887 3290 γάρ
905 3208 945 3288 ῥα
960 3208 1049 3270 πέλεν
1066 3213 1233 3270 Δαναοῖσιν
1250 3201 1324 3288 don·

114 3289 189 3378 γάν.
203 3295 235 3354 id
247 3303 309 3370 est,
332 3305 493 3376 postquam
514 3297 678 3357 Minervam
691 3295 895 3356 discedentem
913 3293 1016 3355 einim
1029 3293 1105 3353 baec
1129 3293 1207 3352 enim
1225 3291 1324 3352 Grae-

116 3381 161 3440 cis
176 3381 386 3447 auxiliabatur.

147 3520 149 3524 ’
200 3471 378 3564 24.·Ι)οοα
400 3483 710 3564 εακοζααιεκτο]
738 3481 961 3562 Laomedonte,
984 3480 1036 3562 qui
1054 3481 1208 3542 fraudavit
1229 3477 1324 3561 tpol-
1348 3447 1350 3455 .
1384 3547 1385 3550 ρ

110 3569 206 3632 linem
221 3580 254 3633 et
264 3571 437 3650 Neptunum
454 3569 591 3649 meroede
605 3567 763 3649 promissa.

88 3730 92 3738 ,
191 3663 251 3740 96.
272 3675 324 3734 Fa
334 3672 468 3754 mosas]
490 3669 674 3752 semperboc
689 3692 795 3732 nomen
807 3673 838 3734 in
847 3671 922 3731 vitio
935 3671 1037 3730 locum
1048 3665 1192 3740 babet,ut
1200 3669 1257 3728 Od.
1266 3691 1321 3730 xv.

115 3757 158 3840 [v.
180 3760 224 3835 2]
255 3756 345 3818 huius
367 3759 456 3834 libri,
486 3753 619 3818 Tandem
645 3759 792 3840 nequitiae
802 3759 871 3840 fige
892 3753 1010 3815 modum
1038 3769 1105 3813 tuoe
1131 3746 1322 3837 Famost'sque

113 3841 276 3906 laboribus.
291 3846 389 3924 Satyr.
403 3847 433 3908 d.
450 3843 502 3906 lib.
521 3849 548 3908 1.
564 3841 604 3921 [v.
615 3839 657 3920 4.]
671 3845 798 3902 sicarius
811 3856 863 3900 out
878 3839 993 3922 alioqui
1006 3835 1161 3900 Fumosae.
1173 3841 1270 3918 Satyr.
1288 3846 1318 3903 1.
1426 3837 1428 3840 ’

112 3929 167 3997 lib.
185 3915 214 3994 2:
232 3927 280 4010 [ν.
298 3931 369 4008 68.]
398 3927 588 4010 Fomoaisque
605 3919 693 4007 Lupo
716 3941 852 4008 cooperto
876 3925 1015 3985 versibus.
1039 3935 1070 3984 et
1090 3925 1131 3986 do
1151 3925 1216 3988 Art.
1238 3931 1321 4003 poet.
1405 3993 1407 3998 Ι

114 4012 156 4096 [v.
171 4013 259 4098 469]
273 4013 419 4098 famosae
433 4013 537 4072 mortis
558 4033 695 4071 amorem.
712 4021 743 4070 et
758 4016 855 4089 Satyr.
869 4017 899 4076 7.
919 4011 971 4070 lib.
987 4018 1019 4075 2.
1037 4009 1082 4094 [v.
1098 4009 1164 4090 ὄλ]
1189 4008 1322 4070 Dimittit
1393 4051 1399 4065 .

88 4163 94 4170 ,
114 4124 207 4183 neque
223 4097 374 4183 famosum
393 4121 483 4182 aeque
501 4093 674 4172 talliatam,
699 4119 735 4156 ne
750 4095 850 4158 Ditior
869 4110 920 4156 out
938 4095 1060 4180 formae
1079 4093 1209 4156 melioris
1231 4095 1323 4154 meiat

114 4183 227 4246 eodan.
576 4227 581 4232 -

201 4293 255 4354 26.
276 4283 439 4367 uosraa]
463 4285 507 4344 sic
524 4293 628 4346 contra
640 4300 707 4365 sup.
723 4283 781 4344 Od.
797 4301 850 4346 xv.
870 4281 926 4345 lib.
941 4287 970 4348 1.
988 4279 1248 4367 [ν.2.]Ηο1εααοιΙ
1265 4281 1323 4340 Pa-

115 4374 193 4438 ridis
206 4373 356 4456 hospitam
371 4371 458 4432 dixit.

202 4485 253 4545 28.
276 4477 502 4536 lleoaoasrs
525 4469 684 4549 narsus]
707 4469 1011 4550 lauepeatinetloetu
1026 4469 1080 4532 ille
1098 4468 1156 4528 Od.
1176 4470 1206 4536 4.
1221 4467 1274 4530 lib.
1291 4475 1324 4534 2.

116 4563 281 4646 [v.10.]rt
299 4559 432 4624 odemtus
451 4555 565 4620 Hector
583 4554 723 4622 Tradidit
735 4555 825 4640 ferris
838 4553 950 4616 leuiora
962 4552 1032 4616 salla·
1044 4554 1192 4636 Pergamo
1211 4551 1323 4628 Gratis,
1345 4599 1350 4607 .
