<?xml version="1.0" encoding="UTF-8"?>
<!DOCTYPE html PUBLIC "-//W3C//DTD XHTML 1.0 Transitional//EN"
    "http://www.w3.org/TR/xhtml1/DTD/xhtml1-transitional.dtd">
<html xmlns="http://www.w3.org/1999/xhtml" xml:lang="en" lang="en">
 <head>
  <title>
</title>
<meta http-equiv="Content-Type" content="text/html;charset=utf-8" />
  <meta name='ocr-system' content='tesseract 3.04.00' />
  <meta name='ocr-capabilities' content='ocr_page ocr_carea ocr_par ocr_line ocrx_word'/>
</head>
<body>
  <div class='ocr_page' id='page_1' title='image "./inqhoratiumflac00lambgoog_0297.png"; bbox 0 0 2908 5056; ppageno 0'>
   <div class='ocr_carea' id='block_1_1' title="bbox 17 201 1384 480">
    <p class='ocr_par' dir='ltr' id='par_1_1' title="bbox 17 201 1452 480">
     <span class='ocr_line' id='line_1_1' title="bbox 116 201 1154 328; baseline -0.016 -35"><span class='ocrx_word' id='word_1_1' title='bbox 116 219 251 314; x_wconf 12' lang='lat'><strong>264¹.</strong></span> <span class='ocrx_word' id='word_1_2' title='bbox 362 241 369 250; x_wconf 87' lang='lat'><em>·</em></span> <span class='ocrx_word' id='word_1_3' title='bbox 493 215 948 328; x_wconf 74' lang='lat' dir='ltr'><strong>HoltttttcAttltlttl.</strong></span> <span class='ocrx_word' id='word_1_4' title='bbox 1069 201 1154 318; x_wconf 21' lang='lat'><strong>‘³</strong></span> 
     </span>
     <span class='ocr_line' id='line_1_2' title="bbox 17 335 1384 480; baseline -0.008 -24"><span class='ocrx_word' id='word_1_5' title='bbox 17 409 22 428; x_wconf 94' lang='lat'><em>&#39;</em></span> <span class='ocrx_word' id='word_1_6' title='bbox 120 391 259 455; x_wconf 79' lang='lat' dir='ltr'><strong>Tandem&#39;</strong></span> <span class='ocrx_word' id='word_1_7' title='bbox 272 393 416 480; x_wconf 79' lang='lat' dir='ltr'><strong>nequitiae</strong></span> <span class='ocrx_word' id='word_1_8' title='bbox 426 335 487 472; x_wconf 74' lang='lat' dir='ltr'><strong>sige</strong></span> <span class='ocrx_word' id='word_1_9' title='bbox 503 361 624 450; x_wconf 73' lang='lat' dir='ltr'><strong>modim</strong></span> <span class='ocrx_word' id='word_1_10' title='bbox 640 403 717 450; x_wconf 85' lang='lat' dir='ltr'><strong>tuae.</strong></span> <span class='ocrx_word' id='word_1_11' title='bbox 736 397 766 450; x_wconf 88' lang='lat' dir='ltr'><strong>et</strong></span> <span class='ocrx_word' id='word_1_12' title='bbox 778 389 876 468; x_wconf 85' lang='lat' dir='ltr'><strong>Sstyr.</strong></span> <span class='ocrx_word' id='word_1_13' title='bbox 888 393 919 454; x_wconf 81' lang='grc'><strong>8.</strong></span> <span class='ocrx_word' id='word_1_14' title='bbox 933 385 987 446; x_wconf 92' lang='lat' dir='ltr'><strong>lib.</strong></span> <span class='ocrx_word' id='word_1_15' title='bbox 1003 389 1033 452; x_wconf 76' lang='lat'><strong>2.</strong></span> <span class='ocrx_word' id='word_1_16' title='bbox 1051 382 1094 465; x_wconf 83' lang='lat' dir='ltr'><strong>[v.</strong></span> <span class='ocrx_word' id='word_1_17' title='bbox 1108 389 1171 452; x_wconf 76' lang='lat'><strong>218</strong></span> <span class='ocrx_word' id='word_1_18' title='bbox 1185 384 1242 467; x_wconf 82' lang='lat' dir='ltr'><strong>sq.]</strong></span> <span class='ocrx_word' id='word_1_19' title='bbox 1264 359 1324 468; x_wconf 72' lang='lat' dir='ltr'><strong>pir</strong></span> <span class='ocrx_word' id='word_1_20' title='bbox 1379 387 1384 400; x_wconf 72' lang='lat'><strong>¹</strong></span> 
     </span>
    </p>
   </div>
   <div class='ocr_carea' id='block_1_2' title="bbox 118 469 1326 894">
    <p class='ocr_par' dir='ltr' id='par_1_2' title="bbox 118 469 1326 894">
     <span class='ocr_line' id='line_1_3' title="bbox 118 469 1323 566; baseline -0.008 -26"><span class='ocrx_word' id='word_1_21' title='bbox 118 478 215 541; x_wconf 78' lang='lat' dir='ltr'><strong>nobile</strong></span> <span class='ocrx_word' id='word_1_22' title='bbox 218 479 365 566; x_wconf 79' lang='lat' dir='ltr'><strong>fratrum,</strong></span> <span class='ocrx_word' id='word_1_23' title='bbox 374 475 514 558; x_wconf 76' lang='lat' dir='ltr'><strong>Nequitia</strong></span> <span class='ocrx_word' id='word_1_24' title='bbox 525 491 551 534; x_wconf 90' lang='lat' dir='ltr'><strong>et</strong></span> <span class='ocrx_word' id='word_1_25' title='bbox 561 476 647 556; x_wconf 78' lang='lat' dir='ltr'><strong>nugis</strong></span> <span class='ocrx_word' id='word_1_26' title='bbox 656 495 815 556; x_wconf 82' lang='lat' dir='ltr'><strong>pravorum</strong></span> <span class='ocrx_word' id='word_1_27' title='bbox 825 489 851 532; x_wconf 89' lang='lat' dir='ltr'><strong>et</strong></span> <span class='ocrx_word' id='word_1_28' title='bbox 861 493 960 533; x_wconf 79' lang='lat' dir='ltr'><strong>amore</strong></span> <span class='ocrx_word' id='word_1_29' title='bbox 968 469 1134 553; x_wconf 77' lang='lat' dir='ltr'><strong>gemellum.</strong></span> <span class='ocrx_word' id='word_1_30' title='bbox 1146 482 1176 531; x_wconf 90' lang='lat' dir='ltr'><strong>et</strong></span> <span class='ocrx_word' id='word_1_31' title='bbox 1187 475 1323 550; x_wconf 77' lang='lat' dir='ltr'><strong>Satyr.2.</strong></span> 
     </span>
     <span class='ocr_line' id='line_1_4' title="bbox 118 554 1324 666; baseline -0.007 -42"><span class='ocrx_word' id='word_1_32' title='bbox 118 566 212 666; x_wconf 74' lang='lat' dir='ltr'><strong>eiusd.</strong></span> <span class='ocrx_word' id='word_1_33' title='bbox 231 565 274 650; x_wconf 81' lang='lat' dir='ltr'><strong>[v.</strong></span> <span class='ocrx_word' id='word_1_34' title='bbox 292 561 379 642; x_wconf 81' lang='lat'><strong>151.]</strong></span> <span class='ocrx_word' id='word_1_35' title='bbox 402 581 456 622; x_wconf 80' lang='lat' dir='ltr'><strong>nos</strong></span> <span class='ocrx_word' id='word_1_36' title='bbox 472 558 590 644; x_wconf 71' lang='lat' dir='ltr'><strong>expulit</strong></span> <span class='ocrx_word' id='word_1_37' title='bbox 606 558 674 622; x_wconf 83' lang='lat' dir='ltr'><strong>ille:</strong></span> <span class='ocrx_word' id='word_1_38' title='bbox 696 557 789 622; x_wconf 82' lang='lat' dir='ltr'><strong>Illum</strong></span> <span class='ocrx_word' id='word_1_39' title='bbox 806 571 859 618; x_wconf 82' lang='lat' dir='ltr'><strong>aut</strong></span> <span class='ocrx_word' id='word_1_40' title='bbox 880 558 1020 642; x_wconf 71' lang='lat' dir='ltr'><em>nequities</em></span> <span class='ocrx_word' id='word_1_41' title='bbox 1038 571 1090 616; x_wconf 85' lang='lat' dir='ltr'><strong>cat</strong></span> <span class='ocrx_word' id='word_1_42' title='bbox 1107 554 1189 644; x_wconf 73' lang='lat' dir='ltr'><strong>uafri</strong></span> <span class='ocrx_word' id='word_1_43' title='bbox 1202 558 1324 619; x_wconf 72' lang='lat' dir='ltr'><strong>inscitia</strong></span> 
     </span>
     <span class='ocr_line' id='line_1_5' title="bbox 118 647 1325 812; baseline -0.009 -17"><span class='ocrx_word' id='word_1_44' title='bbox 118 647 240 802; x_wconf 58' lang='lat' dir='ltr'><strong>Iumlss</strong></span> <span class='ocrx_word' id='word_1_45' title='bbox 258 753 303 812; x_wconf 88' lang='lat' dir='ltr'><strong>sq.</strong></span> <span class='ocrx_word' id='word_1_46' title='bbox 332 749 416 799; x_wconf 81' lang='lat' dir='ltr'><strong>uso.</strong></span> <span class='ocrx_word' id='word_1_47' title='bbox 446 723 614 790; x_wconf 72' lang='lat' dir='ltr'><strong>onorius</strong></span> <span class='ocrx_word' id='word_1_48' title='bbox 643 727 812 810; x_wconf 84' lang='lat' dir='ltr'><strong>Cosros]</strong></span> <span class='ocrx_word' id='word_1_49' title='bbox 842 727 876 800; x_wconf 82' lang='lat' dir='ltr'><strong>id</strong></span> <span class='ocrx_word' id='word_1_50' title='bbox 901 735 964 802; x_wconf 87' lang='lat' dir='ltr'><strong>eet,</strong></span> <span class='ocrx_word' id='word_1_51' title='bbox 990 725 1141 806; x_wconf 72' lang='lat' dir='ltr'>nequitiae</span> <span class='ocrx_word' id='word_1_52' title='bbox 1167 685 1325 806; x_wconf 80' lang='lat' dir='ltr'><strong>oppositus</strong></span> 
     </span>
     <span class='ocr_line' id='line_1_6' title="bbox 118 811 1326 894; baseline -0.009 -14"><span class='ocrx_word' id='word_1_53' title='bbox 118 828 227 884; x_wconf 82' lang='lat' dir='ltr'><strong>custos.</strong></span> <span class='ocrx_word' id='word_1_54' title='bbox 270 818 321 876; x_wconf 88' lang='lat' dir='ltr'><strong>Sic</strong></span> <span class='ocrx_word' id='word_1_55' title='bbox 341 813 419 876; x_wconf 88' lang='lat' dir='ltr'><strong>enim</strong></span> <span class='ocrx_word' id='word_1_56' title='bbox 437 813 573 892; x_wconf 87' lang='lat' dir='ltr'><strong>loquitur</strong></span> <span class='ocrx_word' id='word_1_57' title='bbox 595 816 634 876; x_wconf 87' lang='lat' dir='ltr'><strong>M.</strong></span> <span class='ocrx_word' id='word_1_58' title='bbox 648 817 728 894; x_wconf 66' lang='lat' dir='ltr'><strong>Tull.</strong></span> <span class='ocrx_word' id='word_1_59' title='bbox 751 815 935 875; x_wconf 79' lang='lat' dir='ltr'><strong>divinatione</strong></span> <span class='ocrx_word' id='word_1_60' title='bbox 952 813 984 871; x_wconf 91' lang='lat' dir='ltr'><strong>in</strong></span> <span class='ocrx_word' id='word_1_61' title='bbox 1002 813 1034 870; x_wconf 91' lang='lat' dir='ltr'><strong>L.</strong></span> <span class='ocrx_word' id='word_1_62' title='bbox 1054 811 1215 872; x_wconf 81' lang='lat' dir='ltr'><strong>Caecilium</strong></span> <span class='ocrx_word' id='word_1_63' title='bbox 1226 857 1235 886; x_wconf 97' lang='lat'><strong>,</strong></span> <span class='ocrx_word' id='word_1_64' title='bbox 1260 811 1326 870; x_wconf 79' lang='lat' dir='ltr'><strong>Cu-</strong></span> 
     </span>
    </p>
   </div>
   <div class='ocr_carea' id='block_1_3' title="bbox 116 892 1452 986">
    <p class='ocr_par' dir='ltr' id='par_1_3' title="bbox 116 892 1452 986">
     <span class='ocr_line' id='line_1_7' title="bbox 116 892 1452 986; baseline -0.01 -21"><span class='ocrx_word' id='word_1_65' title='bbox 116 901 228 966; x_wconf 80' lang='lat' dir='ltr'><strong>stodem</strong></span> <span class='ocrx_word' id='word_1_66' title='bbox 246 899 369 986; x_wconf 75' lang='lat' dir='ltr'><strong>(inquit)</strong></span> <span class='ocrx_word' id='word_1_67' title='bbox 388 895 490 960; x_wconf 84' lang='lat' dir='ltr'><strong>Tullio</strong></span> <span class='ocrx_word' id='word_1_68' title='bbox 505 925 551 960; x_wconf 87' lang='lat' dir='ltr'><strong>me</strong></span> <span class='ocrx_word' id='word_1_69' title='bbox 569 903 716 984; x_wconf 85' lang='lat' dir='ltr'><strong>apponite.</strong></span> <span class='ocrx_word' id='word_1_70' title='bbox 760 897 821 960; x_wconf 86' lang='lat' dir='ltr'><strong>Sed</strong></span> <span class='ocrx_word' id='word_1_71' title='bbox 837 900 911 960; x_wconf 87' lang='lat' dir='ltr'><strong>licet</strong></span> <span class='ocrx_word' id='word_1_72' title='bbox 933 899 1019 958; x_wconf 84' lang='lat' dir='ltr'><strong>etism</strong></span> <span class='ocrx_word' id='word_1_73' title='bbox 1038 892 1157 971; x_wconf 81' lang='lat' dir='ltr'><strong>dicere,</strong></span> <span class='ocrx_word' id='word_1_74' title='bbox 1179 898 1325 956; x_wconf 77' lang='lat' dir='ltr'><strong>maiorem</strong></span> <span class='ocrx_word' id='word_1_75' title='bbox 1451 903 1452 938; x_wconf 70' lang='lat' dir='ltr'><strong>t</strong></span> 
     </span>
    </p>
   </div>
   <div class='ocr_carea' id='block_1_4' title="bbox 48 979 1328 2008">
    <p class='ocr_par' dir='ltr' id='par_1_4' title="bbox 48 979 1328 2008">
     <span class='ocr_line' id='line_1_8' title="bbox 118 979 1326 1066; baseline -0.007 -18"><span class='ocrx_word' id='word_1_76' title='bbox 118 989 179 1050; x_wconf 87' lang='lat' dir='ltr'><strong>vim</strong></span> <span class='ocrx_word' id='word_1_77' title='bbox 192 991 243 1062; x_wconf 86' lang='lat' dir='ltr'><strong>bic</strong></span> <span class='ocrx_word' id='word_1_78' title='bbox 258 1009 321 1050; x_wconf 88' lang='lat' dir='ltr'><strong>esse</strong></span> <span class='ocrx_word' id='word_1_79' title='bbox 335 989 367 1048; x_wconf 92' lang='lat' dir='ltr'><strong>in</strong></span> <span class='ocrx_word' id='word_1_80' title='bbox 381 1005 457 1044; x_wconf 86' lang='lat' dir='ltr'><strong>voce</strong></span> <span class='ocrx_word' id='word_1_81' title='bbox 471 983 602 1056; x_wconf 80' lang='lat' dir='ltr'><strong>additas,</strong></span> <span class='ocrx_word' id='word_1_82' title='bbox 624 1007 715 1066; x_wconf 87' lang='lat' dir='ltr'><strong>quem</strong></span> <span class='ocrx_word' id='word_1_83' title='bbox 730 987 823 1064; x_wconf 87' lang='lat' dir='ltr'><strong>vulgo</strong></span> <span class='ocrx_word' id='word_1_84' title='bbox 839 992 965 1066; x_wconf 81' lang='lat' dir='ltr'><strong>putent:</strong></span> <span class='ocrx_word' id='word_1_85' title='bbox 988 1003 1095 1062; x_wconf 82' lang='lat' dir='ltr'>nempe</span> <span class='ocrx_word' id='word_1_86' title='bbox 1112 979 1250 1065; x_wconf 71' lang='lat' dir='ltr'><strong>additam</strong></span> <span class='ocrx_word' id='word_1_87' title='bbox 1270 1001 1326 1040; x_wconf 84' lang='lat' dir='ltr'><strong>vs-</strong></span> 
     </span>
     <span class='ocr_line' id='line_1_9' title="bbox 118 1067 1325 1152; baseline -0.003 -20"><span class='ocrx_word' id='word_1_88' title='bbox 118 1075 179 1134; x_wconf 83' lang='lat' dir='ltr'><strong>lere</strong></span> <span class='ocrx_word' id='word_1_89' title='bbox 197 1076 276 1138; x_wconf 87' lang='lat' dir='ltr'><strong>idom</strong></span> <span class='ocrx_word' id='word_1_90' title='bbox 291 1075 371 1144; x_wconf 87' lang='lat' dir='ltr'><strong>iere,</strong></span> <span class='ocrx_word' id='word_1_91' title='bbox 395 1069 477 1150; x_wconf 89' lang='lat' dir='ltr'><strong>quod</strong></span> <span class='ocrx_word' id='word_1_92' title='bbox 492 1071 647 1132; x_wconf 89' lang='lat' dir='ltr'><strong>inimicum</strong></span> <span class='ocrx_word' id='word_1_93' title='bbox 665 1084 755 1152; x_wconf 85' lang='lat' dir='ltr'><strong>etque</strong></span> <span class='ocrx_word' id='word_1_94' title='bbox 771 1072 929 1144; x_wconf 83' lang='lat' dir='ltr'><strong>iniectum,</strong></span> <span class='ocrx_word' id='word_1_95' title='bbox 952 1089 1006 1128; x_wconf 87' lang='lat' dir='ltr'><strong>seu</strong></span> <span class='ocrx_word' id='word_1_96' title='bbox 1021 1068 1155 1144; x_wconf 79' lang='lat' dir='ltr'><strong>affixum,</strong></span> <span class='ocrx_word' id='word_1_97' title='bbox 1178 1078 1267 1146; x_wconf 86' lang='lat' dir='ltr'><strong>etque</strong></span> <span class='ocrx_word' id='word_1_98' title='bbox 1280 1067 1325 1128; x_wconf 81' lang='lat' dir='ltr'><strong>ite</strong></span> 
     </span>
     <span class='ocr_line' id='line_1_10' title="bbox 118 1152 1326 1238; baseline -0.004 -21"><span class='ocrx_word' id='word_1_99' title='bbox 118 1159 271 1220; x_wconf 82' lang='lat' dir='ltr'><strong>infestum:</strong></span> <span class='ocrx_word' id='word_1_100' title='bbox 295 1157 378 1238; x_wconf 91' lang='lat' dir='ltr'><strong>quod</strong></span> <span class='ocrx_word' id='word_1_101' title='bbox 393 1165 529 1220; x_wconf 84' lang='lat' dir='ltr'><strong>notatum</strong></span> <span class='ocrx_word' id='word_1_102' title='bbox 543 1166 588 1216; x_wconf 86' lang='lat' dir='ltr'><strong>est</strong></span> <span class='ocrx_word' id='word_1_103' title='bbox 602 1179 619 1216; x_wconf 83' lang='lat' dir='ltr'>a</span> <span class='ocrx_word' id='word_1_104' title='bbox 634 1157 788 1220; x_wconf 80' lang='lat' dir='ltr'><strong>Macrobio</strong></span> <span class='ocrx_word' id='word_1_105' title='bbox 804 1157 855 1218; x_wconf 88' lang='lat' dir='ltr'><strong>lib.</strong></span> <span class='ocrx_word' id='word_1_106' title='bbox 872 1161 901 1222; x_wconf 88' lang='lat'><strong>6.</strong></span> <span class='ocrx_word' id='word_1_107' title='bbox 920 1159 1043 1216; x_wconf 81' lang='lat' dir='ltr'><strong>Satura.</strong></span> <span class='ocrx_word' id='word_1_108' title='bbox 1061 1173 1126 1233; x_wconf 83' lang='lat' dir='ltr'><strong>cop.</strong></span> <span class='ocrx_word' id='word_1_109' title='bbox 1139 1159 1168 1219; x_wconf 88' lang='lat'><strong>4.</strong></span> <span class='ocrx_word' id='word_1_110' title='bbox 1184 1152 1222 1211; x_wconf 84' lang='lat' dir='ltr'><strong>sd</strong></span> <span class='ocrx_word' id='word_1_111' title='bbox 1236 1153 1326 1212; x_wconf 88' lang='lat' dir='ltr'><strong>illum</strong></span> 
     </span>
     <span class='ocr_line' id='line_1_11' title="bbox 118 1235 1325 1324; baseline -0.007 -18"><span class='ocrx_word' id='word_1_112' title='bbox 118 1245 219 1324; x_wconf 75' lang='lat' dir='ltr'><strong>locum</strong></span> <span class='ocrx_word' id='word_1_113' title='bbox 236 1245 316 1322; x_wconf 87' lang='lat' dir='ltr'><strong>Virg.</strong></span> <span class='ocrx_word' id='word_1_114' title='bbox 334 1247 405 1304; x_wconf 76' lang='lat' dir='ltr'><strong>Acir.</strong></span> <span class='ocrx_word' id='word_1_115' title='bbox 419 1245 448 1306; x_wconf 88' lang='grc'><strong>6.</strong></span> <span class='ocrx_word' id='word_1_116' title='bbox 467 1242 509 1324; x_wconf 78' lang='lat' dir='ltr'><strong>[v.</strong></span> <span class='ocrx_word' id='word_1_117' title='bbox 525 1241 589 1322; x_wconf 70' lang='lat' dir='ltr'><strong>et]</strong></span> <span class='ocrx_word' id='word_1_118' title='bbox 615 1265 667 1304; x_wconf 88' lang='lat' dir='ltr'><strong>nec</strong></span> <span class='ocrx_word' id='word_1_119' title='bbox 693 1243 816 1304; x_wconf 84' lang='lat' dir='ltr'><strong>Teucris</strong></span> <span class='ocrx_word' id='word_1_120' title='bbox 834 1238 940 1301; x_wconf 84' lang='lat' dir='ltr'><strong>addita</strong></span> <span class='ocrx_word' id='word_1_121' title='bbox 965 1237 1041 1300; x_wconf 84' lang='lat' dir='ltr'><strong>Iano</strong></span> <span class='ocrx_word' id='word_1_122' title='bbox 1068 1239 1198 1322; x_wconf 82' lang='lat' dir='ltr'><strong>Usquam</strong></span> <span class='ocrx_word' id='word_1_123' title='bbox 1221 1235 1325 1297; x_wconf 83' lang='lat' dir='ltr'><strong>oberit.</strong></span> 
     </span>
     <span class='ocr_line' id='line_1_12' title="bbox 48 1323 1324 1409; baseline -0.006 -18"><span class='ocrx_word' id='word_1_124' title='bbox 48 1327 50 1334; x_wconf 47' lang='lat'>‘</span> <span class='ocrx_word' id='word_1_125' title='bbox 120 1331 178 1409; x_wconf 81' lang='lat' dir='ltr'><strong>quo</strong></span> <span class='ocrx_word' id='word_1_126' title='bbox 197 1331 285 1390; x_wconf 87' lang='lat' dir='ltr'><strong>modo</strong></span> <span class='ocrx_word' id='word_1_127' title='bbox 308 1329 444 1388; x_wconf 90' lang='lat' dir='ltr'><strong>locutum</strong></span> <span class='ocrx_word' id='word_1_128' title='bbox 459 1337 529 1388; x_wconf 84' lang='lat' dir='ltr'><strong>ente</strong></span> <span class='ocrx_word' id='word_1_129' title='bbox 548 1328 640 1388; x_wconf 84' lang='lat' dir='ltr'><strong>fuisse</strong></span> <span class='ocrx_word' id='word_1_130' title='bbox 655 1329 803 1388; x_wconf 85' lang='lat' dir='ltr'><strong>Lucilium</strong></span> <span class='ocrx_word' id='word_1_131' title='bbox 820 1327 898 1386; x_wconf 87' lang='lat' dir='ltr'><strong>libro</strong></span> <span class='ocrx_word' id='word_1_132' title='bbox 918 1328 966 1390; x_wconf 88' lang='lat'><strong>14.</strong></span> <span class='ocrx_word' id='word_1_133' title='bbox 985 1325 1123 1385; x_wconf 82' lang='lat' dir='ltr'><strong>ostendit·</strong></span> <span class='ocrx_word' id='word_1_134' title='bbox 1134 1323 1186 1383; x_wconf 90' lang='lat' dir='ltr'><strong>ille</strong></span> <span class='ocrx_word' id='word_1_135' title='bbox 1199 1323 1324 1383; x_wconf 88' lang='lat' dir='ltr'><strong>ibidem.</strong></span> 
     </span>
     <span class='ocr_line' id='line_1_13' title="bbox 118 1405 1326 1494; baseline -0.006 -21"><span class='ocrx_word' id='word_1_136' title='bbox 118 1417 170 1474; x_wconf 88' lang='lat' dir='ltr'><strong>Sic</strong></span> <span class='ocrx_word' id='word_1_137' title='bbox 192 1415 344 1490; x_wconf 78' lang='lat' dir='ltr'><strong>Lucilius,</strong></span> <span class='ocrx_word' id='word_1_138' title='bbox 361 1410 403 1472; x_wconf 63' lang='lat' dir='ltr'><strong>&#39;Si</strong></span> <span class='ocrx_word' id='word_1_139' title='bbox 422 1411 496 1472; x_wconf 74' lang='lat' dir='ltr'><strong>milri</strong></span> <span class='ocrx_word' id='word_1_140' title='bbox 510 1434 568 1473; x_wconf 88' lang='lat' dir='ltr'><strong>non</strong></span> <span class='ocrx_word' id='word_1_141' title='bbox 588 1429 708 1494; x_wconf 85' lang='lat' dir='ltr'><strong>praetor</strong></span> <span class='ocrx_word' id='word_1_142' title='bbox 725 1415 779 1473; x_wconf 82' lang='lat' dir='ltr'><strong>siet</strong></span> <span class='ocrx_word' id='word_1_143' title='bbox 799 1409 939 1486; x_wconf 78' lang='lat' dir='ltr'><strong>additus,</strong></span> <span class='ocrx_word' id='word_1_144' title='bbox 960 1423 1048 1492; x_wconf 83' lang='lat' dir='ltr'><strong>atque</strong></span> <span class='ocrx_word' id='word_1_145' title='bbox 1063 1412 1230 1492; x_wconf 76' lang='lat' dir='ltr'><strong>agitetme:</strong></span> <span class='ocrx_word' id='word_1_146' title='bbox 1254 1405 1326 1466; x_wconf 89' lang='lat' dir='ltr'><strong>Non</strong></span> 
     </span>
     <span class='ocr_line' id='line_1_14' title="bbox 119 1494 1327 1576; baseline -0.007 -17"><span class='ocrx_word' id='word_1_147' title='bbox 119 1497 256 1564; x_wconf 78' lang='lat' dir='ltr'><strong>melesio</strong></span> <span class='ocrx_word' id='word_1_148' title='bbox 279 1497 340 1576; x_wconf 87' lang='lat' dir='ltr'><strong>ilie,</strong></span> <span class='ocrx_word' id='word_1_149' title='bbox 362 1511 394 1556; x_wconf 86' lang='lat' dir='ltr'><strong>at</strong></span> <span class='ocrx_word' id='word_1_150' title='bbox 411 1494 496 1574; x_wconf 78' lang='lat' dir='ltr'><strong>dico,</strong></span> <span class='ocrx_word' id='word_1_151' title='bbox 517 1520 563 1556; x_wconf 88' lang='lat' dir='ltr'><strong>me</strong></span> <span class='ocrx_word' id='word_1_152' title='bbox 584 1495 751 1558; x_wconf 70' lang='lat' dir='ltr'><strong>exundaret</strong></span> <span class='ocrx_word' id='word_1_153' title='bbox 774 1519 858 1556; x_wconf 84' lang='lat' dir='ltr'><strong>unus.</strong></span> <span class='ocrx_word' id='word_1_154' title='bbox 900 1495 934 1555; x_wconf 91' lang='lat' dir='ltr'><strong>In</strong></span> <span class='ocrx_word' id='word_1_155' title='bbox 952 1512 1081 1574; x_wconf 89' lang='lat' dir='ltr'><strong>quorum</strong></span> <span class='ocrx_word' id='word_1_156' title='bbox 1100 1513 1242 1554; x_wconf 82' lang='lat' dir='ltr'><strong>versuum</strong></span> <span class='ocrx_word' id='word_1_157' title='bbox 1261 1513 1327 1570; x_wconf 84' lang='lat' dir='ltr'><strong>po-</strong></span> 
     </span>
     <span class='ocr_line' id='line_1_15' title="bbox 120 1571 1326 1667; baseline -0.01 -21"><span class='ocrx_word' id='word_1_158' title='bbox 120 1587 263 1660; x_wconf 83' lang='lat' dir='ltr'><strong>steriore,</strong></span> <span class='ocrx_word' id='word_1_159' title='bbox 285 1593 320 1642; x_wconf 91' lang='lat' dir='ltr'><strong>ut</strong></span> <span class='ocrx_word' id='word_1_160' title='bbox 335 1583 433 1642; x_wconf 84' lang='lat' dir='ltr'><strong>dicem</strong></span> <span class='ocrx_word' id='word_1_161' title='bbox 452 1579 484 1645; x_wconf 63' lang='grc' dir='ltr'><strong>ἓν</strong></span> <span class='ocrx_word' id='word_1_162' title='bbox 495 1575 630 1667; x_wconf 65' lang='lat' dir='ltr'><strong>nocido,</strong></span> <span class='ocrx_word' id='word_1_163' title='bbox 652 1583 794 1644; x_wconf 88' lang='lat' dir='ltr'><strong>mendum</strong></span> <span class='ocrx_word' id='word_1_164' title='bbox 808 1583 904 1642; x_wconf 84' lang='lat' dir='ltr'><strong>inesse</strong></span> <span class='ocrx_word' id='word_1_165' title='bbox 919 1591 1005 1662; x_wconf 89' lang='lat' dir='ltr'><strong>puto,</strong></span> <span class='ocrx_word' id='word_1_166' title='bbox 1022 1571 1210 1660; x_wconf 66' lang='lat' dir='ltr'><strong>eumqus‘eic</strong></span> <span class='ocrx_word' id='word_1_167' title='bbox 1220 1597 1326 1652; x_wconf 35' lang='lat' dir='ltr'><strong>,emen-</strong></span> 
     </span>
     <span class='ocr_line' id='line_1_16' title="bbox 121 1663 1327 1746; baseline -0.01 -15"><span class='ocrx_word' id='word_1_168' title='bbox 121 1671 270 1745; x_wconf 89' lang='lat' dir='ltr'><strong>dondum,</strong></span> <span class='ocrx_word' id='word_1_169' title='bbox 293 1667 363 1728; x_wconf 90' lang='lat' dir='ltr'><strong>Non</strong></span> <span class='ocrx_word' id='word_1_170' title='bbox 379 1665 459 1727; x_wconf 74' lang='lat' dir='ltr'><strong>male</strong></span> <span class='ocrx_word' id='word_1_171' title='bbox 476 1670 519 1728; x_wconf 89' lang='lat' dir='ltr'><strong>sic</strong></span> <span class='ocrx_word' id='word_1_172' title='bbox 537 1665 603 1742; x_wconf 78' lang='lat' dir='ltr'><strong>itte,</strong></span> <span class='ocrx_word' id='word_1_173' title='bbox 627 1682 659 1728; x_wconf 82' lang='lat' dir='ltr'><strong>ut</strong></span> <span class='ocrx_word' id='word_1_174' title='bbox 682 1665 766 1746; x_wconf 86' lang='lat' dir='ltr'><strong>dico,</strong></span> <span class='ocrx_word' id='word_1_175' title='bbox 782 1690 828 1726; x_wconf 85' lang='lat' dir='ltr'><strong>me</strong></span> <span class='ocrx_word' id='word_1_176' title='bbox 843 1675 990 1726; x_wconf 74' lang='lat' dir='ltr'><em>excuteret</em></span> <span class='ocrx_word' id='word_1_177' title='bbox 1005 1690 1087 1726; x_wconf 83' lang='lat' dir='ltr'><strong>unus.</strong></span> <span class='ocrx_word' id='word_1_178' title='bbox 1109 1675 1139 1724; x_wconf 86' lang='lat' dir='ltr'><strong>et</strong></span> <span class='ocrx_word' id='word_1_179' title='bbox 1154 1663 1327 1723; x_wconf 85' lang='lat' dir='ltr'><strong>subintelli-</strong></span> 
     </span>
     <span class='ocr_line' id='line_1_17' title="bbox 121 1741 1325 1836; baseline -0.008 -20"><span class='ocrx_word' id='word_1_180' title='bbox 121 1757 252 1836; x_wconf 85' lang='lat' dir='ltr'><strong>gendum</strong></span> <span class='ocrx_word' id='word_1_181' title='bbox 273 1773 326 1814; x_wconf 89' lang='lat' dir='ltr'><strong>seu</strong></span> <span class='ocrx_word' id='word_1_182' title='bbox 342 1753 539 1832; x_wconf 87' lang='lat' dir='ltr'><strong>repetendum</strong></span> <span class='ocrx_word' id='word_1_183' title='bbox 559 1747 620 1815; x_wconf 84' lang='lat' dir='ltr'><strong>o’nd</strong></span> <span class='ocrx_word' id='word_1_184' title='bbox 642 1757 750 1816; x_wconf 79' lang='grc' dir='ltr'><strong><em>κοινοῦ</em></strong></span> <span class='ocrx_word' id='word_1_185' title='bbox 771 1755 811 1830; x_wconf 84' lang='lat' dir='ltr'><strong>si,</strong></span> <span class='ocrx_word' id='word_1_186' title='bbox 832 1751 892 1810; x_wconf 84' lang='lat' dir='ltr'><strong>lroc</strong></span> <span class='ocrx_word' id='word_1_187' title='bbox 913 1749 1020 1826; x_wconf 89' lang='lat' dir='ltr'><strong>modo,</strong></span> <span class='ocrx_word' id='word_1_188' title='bbox 1043 1753 1070 1812; x_wconf 78' lang='lat' dir='ltr'><strong>si</strong></span> <span class='ocrx_word' id='word_1_189' title='bbox 1085 1773 1144 1812; x_wconf 89' lang='lat' dir='ltr'><strong>non</strong></span> <span class='ocrx_word' id='word_1_190' title='bbox 1160 1759 1218 1808; x_wconf 85' lang='lat' dir='ltr'><strong>etc.</strong></span> <span class='ocrx_word' id='word_1_191' title='bbox 1262 1741 1325 1828; x_wconf 82' lang='lat' dir='ltr'><strong>(Sic</strong></span> 
     </span>
     <span class='ocr_line' id='line_1_18' title="bbox 121 1829 1327 1920; baseline -0.009 -20"><span class='ocrx_word' id='word_1_192' title='bbox 121 1850 152 1900; x_wconf 87' lang='lat' dir='ltr'><strong>et</strong></span> <span class='ocrx_word' id='word_1_193' title='bbox 167 1840 289 1900; x_wconf 85' lang='lat' dir='ltr'><strong>Plautus</strong></span> <span class='ocrx_word' id='word_1_194' title='bbox 303 1838 406 1904; x_wconf 73' lang='lat' dir='ltr'><strong>nutet.</strong></span> <span class='ocrx_word' id='word_1_195' title='bbox 424 1835 602 1918; x_wconf 75' lang='lat'><strong>[111,6,20.]</strong></span> <span class='ocrx_word' id='word_1_196' title='bbox 628 1837 719 1917; x_wconf 80' lang='lat' dir='ltr'><strong>Quem</strong></span> <span class='ocrx_word' id='word_1_197' title='bbox 734 1833 884 1920; x_wconf 82' lang='lat' dir='ltr'><strong>quondum</strong></span> <span class='ocrx_word' id='word_1_198' title='bbox 903 1833 972 1898; x_wconf 88' lang='lat' dir='ltr'><strong>Ioni</strong></span> <span class='ocrx_word' id='word_1_199' title='bbox 986 1833 1061 1897; x_wconf 86' lang='lat' dir='ltr'><strong>Iuno</strong></span> <span class='ocrx_word' id='word_1_200' title='bbox 1073 1831 1221 1897; x_wconf 84' lang='lat' dir='ltr'><strong>custodem</strong></span> <span class='ocrx_word' id='word_1_201' title='bbox 1235 1829 1327 1891; x_wconf 78' lang='lat' dir='ltr'><strong>oddi-</strong></span> 
     </span>
     <span class='ocr_line' id='line_1_19' title="bbox 64 1915 1328 2008; baseline -0.007 -23"><span class='ocrx_word' id='word_1_202' title='bbox 64 1979 66 1986; x_wconf 59' lang='lat'><strong>.</strong></span> <span class='ocrx_word' id='word_1_203' title='bbox 112 1915 184 1984; x_wconf 46' lang='lat' dir='ltr'><strong>*dite</strong></span> <span class='ocrx_word' id='word_1_204' title='bbox 202 1923 354 2002; x_wconf 82' lang='lat' dir='ltr'><strong>ubivulgo</strong></span> <span class='ocrx_word' id='word_1_205' title='bbox 369 1923 490 1996; x_wconf 74' lang='lat' dir='ltr'><strong>legitur,</strong></span> <span class='ocrx_word' id='word_1_206' title='bbox 506 1920 753 2008; x_wconf 61' lang='lat' dir='ltr'><strong>aucmentandum</strong></span> <span class='ocrx_word' id='word_1_207' title='bbox 762 1923 839 1982; x_wconf 82' lang='lat' dir='ltr'><strong>lovi.</strong></span> <span class='ocrx_word' id='word_1_208' title='bbox 861 1921 943 1980; x_wconf 88' lang='lat' dir='ltr'><strong>ldem</strong></span> <span class='ocrx_word' id='word_1_209' title='bbox 953 1923 1033 2000; x_wconf 60' lang='lat' dir='ltr'><strong>Copt,</strong></span> <span class='ocrx_word' id='word_1_210' title='bbox 1052 1918 1229 2000; x_wconf 81' lang='lat'><strong>[111,5,50.]·</strong></span> <span class='ocrx_word' id='word_1_211' title='bbox 1248 1915 1328 1996; x_wconf 80' lang='lat' dir='ltr'><strong>Quoi</strong></span> 
     </span>
    </p>
   </div>
   <div class='ocr_carea' id='block_1_5' title="bbox 22 2001 1327 2092">
    <p class='ocr_par' dir='ltr' id='par_1_5' title="bbox 22 2001 1327 2092">
     <span class='ocr_line' id='line_1_20' title="bbox 22 2001 1327 2092; baseline -0.007 -22"><span class='ocrx_word' id='word_1_212' title='bbox 22 2074 26 2082; x_wconf 65' lang='grc'>,</span> <span class='ocrx_word' id='word_1_213' title='bbox 113 2033 168 2070; x_wconf 77' lang='lat' dir='ltr'><strong>=nse</strong></span> <span class='ocrx_word' id='word_1_214' title='bbox 189 2005 337 2072; x_wconf 79' lang='lat' dir='ltr'><strong>custodem</strong></span> <span class='ocrx_word' id='word_1_215' title='bbox 352 2003 510 2070; x_wconf 79' lang='lat' dir='ltr'><strong>addiderat</strong></span> <span class='ocrx_word' id='word_1_216' title='bbox 525 2005 611 2066; x_wconf 79' lang='lat' dir='ltr'><strong>iterus</strong></span> <span class='ocrx_word' id='word_1_217' title='bbox 625 2001 747 2092; x_wconf 84' lang='lat' dir='ltr'><strong>maior.)</strong></span> <span class='ocrx_word' id='word_1_218' title='bbox 780 2001 902 2090; x_wconf 57' lang='lat' dir='ltr'><strong>{Verbo</strong></span> <span class='ocrx_word' id='word_1_219' title='bbox 924 2007 1064 2068; x_wconf 83' lang='lat' dir='ltr'><strong>cancellis</strong></span> <span class='ocrx_word' id='word_1_220' title='bbox 1078 2006 1194 2067; x_wconf 79' lang='lat' dir='ltr'><strong>incluse</strong></span> <span class='ocrx_word' id='word_1_221' title='bbox 1215 2003 1327 2064; x_wconf 86' lang='lat' dir='ltr'><strong>desunt</strong></span> 
     </span>
    </p>
   </div>
   <div class='ocr_carea' id='block_1_6' title="bbox 124 2090 360 2176">
    <p class='ocr_par' dir='ltr' id='par_1_6' title="bbox 124 2090 360 2176">
     <span class='ocr_line' id='line_1_21' title="bbox 124 2090 360 2176; baseline -0.021 -20"><span class='ocrx_word' id='word_1_222' title='bbox 124 2095 161 2156; x_wconf 90' lang='lat' dir='ltr'><strong>sb</strong></span> <span class='ocrx_word' id='word_1_223' title='bbox 178 2093 249 2156; x_wconf 88' lang='lat' dir='ltr'><strong>edit.</strong></span> <span class='ocrx_word' id='word_1_224' title='bbox 264 2090 360 2176; x_wconf 72' lang='lat' dir='ltr'><strong>post]</strong></span> 
     </span>
    </p>
   </div>
   <div class='ocr_carea' id='block_1_7' title="bbox 205 2172 1452 2254">
    <p class='ocr_par' dir='ltr' id='par_1_7' title="bbox 205 2172 1452 2254">
     <span class='ocr_line' id='line_1_22' title="bbox 205 2172 1452 2254; baseline -0.005 -17"><span class='ocrx_word' id='word_1_225' title='bbox 205 2185 258 2246; x_wconf 85' lang='lat'><strong>79.</strong></span> <span class='ocrx_word' id='word_1_226' title='bbox 285 2179 505 2244; x_wconf 63' lang='lat' dir='ltr'><strong>turronem</strong></span> <span class='ocrx_word' id='word_1_227' title='bbox 536 2193 641 2234; x_wconf 82' lang='lat' dir='ltr'><strong>rano.</strong></span> <span class='ocrx_word' id='word_1_228' title='bbox 670 2172 845 2254; x_wconf 75' lang='lat' dir='ltr'><strong>Putem]</strong></span> <span class='ocrx_word' id='word_1_229' title='bbox 887 2173 1041 2235; x_wconf 74' lang='lat' dir='ltr'><strong>Pirithous</strong></span> <span class='ocrx_word' id='word_1_230' title='bbox 1063 2174 1176 2234; x_wconf 79' lang='lat' dir='ltr'><strong>Ixionis</strong></span> <span class='ocrx_word' id='word_1_231' title='bbox 1200 2182 1232 2233; x_wconf 87' lang='lat' dir='ltr'><strong>et</strong></span> <span class='ocrx_word' id='word_1_232' title='bbox 1254 2173 1327 2233; x_wconf 84' lang='lat' dir='ltr'><strong>Dios</strong></span> <span class='ocrx_word' id='word_1_233' title='bbox 1451 2197 1452 2210; x_wconf 52' lang='lat'>¹</span> 
     </span>
    </p>
   </div>
   <div class='ocr_carea' id='block_1_8' title="bbox 122 2255 1341 2343">
    <p class='ocr_par' dir='ltr' id='par_1_8' title="bbox 122 2255 1341 2343">
     <span class='ocr_line' id='line_1_23' title="bbox 122 2255 1341 2343; baseline -0.002 -24"><span class='ocrx_word' id='word_1_234' title='bbox 122 2261 213 2325; x_wconf 87' lang='lat' dir='ltr'><strong>filius.</strong></span> <span class='ocrx_word' id='word_1_235' title='bbox 235 2263 262 2322; x_wconf 87' lang='lat' dir='ltr'><strong>is</strong></span> <span class='ocrx_word' id='word_1_236' title='bbox 278 2260 325 2343; x_wconf 88' lang='lat' dir='ltr'><strong>(ut</strong></span> <span class='ocrx_word' id='word_1_237' title='bbox 338 2269 384 2320; x_wconf 87' lang='lat' dir='ltr'><strong>est</strong></span> <span class='ocrx_word' id='word_1_238' title='bbox 396 2259 427 2320; x_wconf 90' lang='lat' dir='ltr'><strong>in</strong></span> <span class='ocrx_word' id='word_1_239' title='bbox 445 2255 570 2337; x_wconf 79' lang='lat' dir='ltr'><strong>tubulis)</strong></span> <span class='ocrx_word' id='word_1_240' title='bbox 587 2259 795 2338; x_wconf 81' lang='lat' dir='ltr'><strong>Proserpinam</strong></span> <span class='ocrx_word' id='word_1_241' title='bbox 810 2259 930 2332; x_wconf 71' lang='lat' dir='ltr'><strong>emovit,</strong></span> <span class='ocrx_word' id='word_1_242' title='bbox 953 2278 1012 2338; x_wconf 83' lang='lat' dir='ltr'><strong>qus</strong></span> <span class='ocrx_word' id='word_1_243' title='bbox 1028 2267 1062 2316; x_wconf 88' lang='lat' dir='ltr'><strong>ut</strong></span> <span class='ocrx_word' id='word_1_244' title='bbox 1077 2261 1240 2338; x_wconf 86' lang='lat' dir='ltr'><strong>potiretur,</strong></span> <span class='ocrx_word' id='word_1_245' title='bbox 1257 2269 1341 2317; x_wconf 81' lang='lat' dir='ltr'><strong>eum.</strong></span> 
     </span>
    </p>
   </div>
   <div class='ocr_carea' id='block_1_9' title="bbox 7 2343 1398 2510">
    <p class='ocr_par' dir='ltr' id='par_1_9' title="bbox 7 2343 1398 2510">
     <span class='ocr_line' id='line_1_24' title="bbox 7 2343 1398 2420; baseline 0 -19"><span class='ocrx_word' id='word_1_246' title='bbox 7 2356 13 2375; x_wconf 84' lang='lat'><strong>·</strong></span> <span class='ocrx_word' id='word_1_247' title='bbox 38 2347 41 2350; x_wconf 81' lang='grc'><strong>’</strong></span> <span class='ocrx_word' id='word_1_248' title='bbox 122 2347 160 2402; x_wconf 83' lang='lat' dir='ltr'><strong>ad</strong></span> <span class='ocrx_word' id='word_1_249' title='bbox 175 2349 289 2402; x_wconf 83' lang='lat' dir='ltr'><strong>interos</strong></span> <span class='ocrx_word' id='word_1_250' title='bbox 306 2346 389 2398; x_wconf 85' lang='lat' dir='ltr'><strong>socio</strong></span> <span class='ocrx_word' id='word_1_251' title='bbox 403 2353 433 2399; x_wconf 91' lang='lat' dir='ltr'><strong>et</strong></span> <span class='ocrx_word' id='word_1_252' title='bbox 448 2345 586 2400; x_wconf 79' lang='lat' dir='ltr'><strong>adiutore</strong></span> <span class='ocrx_word' id='word_1_253' title='bbox 600 2343 717 2418; x_wconf 69' lang='lat' dir='ltr'><strong>Theseo</strong></span> <span class='ocrx_word' id='word_1_254' title='bbox 737 2343 956 2418; x_wconf 74' lang='lat' dir='ltr'><strong>descendisset,</strong></span> <span class='ocrx_word' id='word_1_255' title='bbox 979 2365 995 2404; x_wconf 86' lang='lat' dir='ltr'><strong>a</strong></span> <span class='ocrx_word' id='word_1_256' title='bbox 1011 2343 1139 2403; x_wconf 87' lang='lat' dir='ltr'><strong>Cerbero</strong></span> <span class='ocrx_word' id='word_1_257' title='bbox 1157 2345 1328 2420; x_wconf 87' lang='lat' dir='ltr'><strong>discerptus</strong></span> <span class='ocrx_word' id='word_1_258' title='bbox 1392 2375 1398 2392; x_wconf 66' lang='grc' dir='ltr'><em>ι</em></span> 
     </span>
     <span class='ocr_line' id='line_1_25' title="bbox 14 2423 1330 2510; baseline -0.001 -23"><span class='ocrx_word' id='word_1_259' title='bbox 14 2489 16 2496; x_wconf 23' lang='lat'><strong>⁴</strong></span> <span class='ocrx_word' id='word_1_260' title='bbox 123 2435 176 2488; x_wconf 69' lang='lat' dir='ltr'><strong>est.</strong></span> <span class='ocrx_word' id='word_1_261' title='bbox 192 2423 353 2504; x_wconf 66' lang='lat' dir='ltr'><strong>Plutarch,</strong></span> <span class='ocrx_word' id='word_1_262' title='bbox 370 2423 402 2484; x_wconf 89' lang='lat' dir='ltr'><strong>in</strong></span> <span class='ocrx_word' id='word_1_263' title='bbox 414 2425 530 2485; x_wconf 81' lang='lat' dir='ltr'><strong>Theseo</strong></span> <span class='ocrx_word' id='word_1_264' title='bbox 548 2426 587 2506; x_wconf 87' lang='lat' dir='ltr'><strong>[c.</strong></span> <span class='ocrx_word' id='word_1_265' title='bbox 601 2427 665 2508; x_wconf 83' lang='grc'><strong>81.]</strong></span> <span class='ocrx_word' id='word_1_266' title='bbox 682 2429 796 2504; x_wconf 77' lang='lat' dir='ltr'><strong>scribit,</strong></span> <span class='ocrx_word' id='word_1_267' title='bbox 818 2429 903 2510; x_wconf 85' lang='lat' dir='ltr'><strong>illum</strong></span> <span class='ocrx_word' id='word_1_268' title='bbox 919 2427 1265 2507; x_wconf 79' lang='lat' dir='ltr'><strong>Aidoaeiltlolossorum</strong></span> <span class='ocrx_word' id='word_1_269' title='bbox 1278 2447 1330 2486; x_wconf 89' lang='lat' dir='ltr'><strong>re-</strong></span> 
     </span>
    </p>
   </div>
   <div class='ocr_carea' id='block_1_10' title="bbox 82 2511 1328 2928">
    <p class='ocr_par' dir='ltr' id='par_1_10' title="bbox 82 2511 1328 2928">
     <span class='ocr_line' id='line_1_26' title="bbox 122 2511 1327 2598; baseline -0.001 -27"><span class='ocrx_word' id='word_1_270' title='bbox 122 2513 166 2598; x_wconf 70' lang='lat' dir='ltr'><strong>gis</strong></span> <span class='ocrx_word' id='word_1_271' title='bbox 190 2511 283 2570; x_wconf 85' lang='lat' dir='ltr'><strong>filiam</strong></span> <span class='ocrx_word' id='word_1_272' title='bbox 303 2529 433 2587; x_wconf 79' lang='lat' dir='ltr'><strong>amasse,</strong></span> <span class='ocrx_word' id='word_1_273' title='bbox 460 2531 551 2590; x_wconf 84' lang='lat' dir='ltr'><strong>quom</strong></span> <span class='ocrx_word' id='word_1_274' title='bbox 573 2523 660 2594; x_wconf 79' lang='lat' dir='ltr'><strong>potor</strong></span> <span class='ocrx_word' id='word_1_275' title='bbox 684 2513 883 2594; x_wconf 73' lang='lat' dir='ltr'><strong>Proserpinae</strong></span> <span class='ocrx_word' id='word_1_276' title='bbox 906 2514 1026 2576; x_wconf 87' lang='lat' dir='ltr'><strong>nomine</strong></span> <span class='ocrx_word' id='word_1_277' title='bbox 1047 2512 1230 2592; x_wconf 79' lang='lat' dir='ltr'><strong>appelleret,</strong></span> <span class='ocrx_word' id='word_1_278' title='bbox 1259 2511 1327 2570; x_wconf 86' lang='lat' dir='ltr'><strong>osui</strong></span> 
     </span>
     <span class='ocr_line' id='line_1_27' title="bbox 82 2593 1327 2678; baseline 0 -22"><span class='ocrx_word' id='word_1_279' title='bbox 82 2657 90 2668; x_wconf 58' lang='lat'><em>„</em></span> <span class='ocrx_word' id='word_1_280' title='bbox 123 2606 222 2656; x_wconf 82' lang='lat' dir='ltr'><strong>eutem</strong></span> <span class='ocrx_word' id='word_1_281' title='bbox 243 2616 298 2656; x_wconf 87' lang='lat' dir='ltr'><strong>cuo</strong></span> <span class='ocrx_word' id='word_1_282' title='bbox 313 2593 484 2655; x_wconf 78' lang='lat' dir='ltr'><strong>Aidoneum</strong></span> <span class='ocrx_word' id='word_1_283' title='bbox 503 2615 613 2654; x_wconf 88' lang='lat' dir='ltr'><strong>nomen</strong></span> <span class='ocrx_word' id='word_1_284' title='bbox 637 2596 769 2660; x_wconf 84' lang='lat' dir='ltr'><strong>Cerbero</strong></span> <span class='ocrx_word' id='word_1_285' title='bbox 784 2597 977 2678; x_wconf 87' lang='lat' dir='ltr'><strong>imposuisse,</strong></span> <span class='ocrx_word' id='word_1_286' title='bbox 999 2615 1067 2668; x_wconf 86' lang='lat' dir='ltr'><strong>cum</strong></span> <span class='ocrx_word' id='word_1_287' title='bbox 1084 2617 1144 2676; x_wconf 88' lang='lat' dir='ltr'><strong>quo</strong></span> <span class='ocrx_word' id='word_1_288' title='bbox 1160 2597 1238 2657; x_wconf 86' lang='lat' dir='ltr'><strong>filine</strong></span> <span class='ocrx_word' id='word_1_289' title='bbox 1255 2614 1327 2667; x_wconf 69' lang='lat' dir='ltr'><strong>suae</strong></span> 
     </span>
     <span class='ocr_line' id='line_1_28' title="bbox 122 2679 1328 2764; baseline 0.002 -24"><span class='ocrx_word' id='word_1_290' title='bbox 122 2703 234 2764; x_wconf 86' lang='lat' dir='ltr'><strong>procos</strong></span> <span class='ocrx_word' id='word_1_291' title='bbox 256 2681 410 2739; x_wconf 79' lang='lat' dir='ltr'><strong>decertare</strong></span> <span class='ocrx_word' id='word_1_292' title='bbox 435 2679 574 2756; x_wconf 76' lang='lat' dir='ltr'><strong>cogebat:</strong></span> <span class='ocrx_word' id='word_1_293' title='bbox 595 2699 695 2759; x_wconf 82' lang='lat' dir='ltr'><strong>regem</strong></span> <span class='ocrx_word' id='word_1_294' title='bbox 717 2690 834 2758; x_wconf 83' lang='lat' dir='ltr'><strong>eutem,</strong></span> <span class='ocrx_word' id='word_1_295' title='bbox 860 2702 929 2742; x_wconf 89' lang='lat' dir='ltr'><strong>cum</strong></span> <span class='ocrx_word' id='word_1_296' title='bbox 950 2683 1081 2742; x_wconf 80' lang='lat' dir='ltr'><strong>audisset</strong></span> <span class='ocrx_word' id='word_1_297' title='bbox 1102 2683 1219 2742; x_wconf 69' lang='lat' dir='ltr'><strong>venisse</strong></span> <span class='ocrx_word' id='word_1_298' title='bbox 1241 2681 1328 2742; x_wconf 86' lang='lat' dir='ltr'><strong>Piri·-</strong></span> 
     </span>
     <span class='ocr_line' id='line_1_29' title="bbox 122 2763 1327 2847; baseline 0.001 -22"><span class='ocrx_word' id='word_1_299' title='bbox 122 2766 244 2840; x_wconf 89' lang='lat' dir='ltr'><strong>thoum,</strong></span> <span class='ocrx_word' id='word_1_300' title='bbox 271 2785 349 2838; x_wconf 89' lang='lat' dir='ltr'><strong>non,</strong></span> <span class='ocrx_word' id='word_1_301' title='bbox 370 2771 406 2820; x_wconf 90' lang='lat' dir='ltr'><strong>ut</strong></span> <span class='ocrx_word' id='word_1_302' title='bbox 427 2763 516 2822; x_wconf 82' lang='lat' dir='ltr'><strong>liliam</strong></span> <span class='ocrx_word' id='word_1_303' title='bbox 541 2785 625 2824; x_wconf 88' lang='lat' dir='ltr'><strong>suem</strong></span> <span class='ocrx_word' id='word_1_304' title='bbox 644 2785 771 2826; x_wconf 85' lang='lat' dir='ltr'><strong>uxorem</strong></span> <span class='ocrx_word' id='word_1_305' title='bbox 792 2767 935 2843; x_wconf 88' lang='lat' dir='ltr'><strong>duceret,</strong></span> <span class='ocrx_word' id='word_1_306' title='bbox 962 2767 1015 2828; x_wconf 89' lang='lat' dir='ltr'><strong>ssd</strong></span> <span class='ocrx_word' id='word_1_307' title='bbox 1038 2777 1073 2826; x_wconf 91' lang='lat' dir='ltr'><strong>ut</strong></span> <span class='ocrx_word' id='word_1_308' title='bbox 1095 2777 1230 2847; x_wconf 84' lang='lat' dir='ltr'><strong>raperet,</strong></span> <span class='ocrx_word' id='word_1_309' title='bbox 1258 2781 1327 2826; x_wconf 82' lang='lat' dir='ltr'><strong>eum</strong></span> 
     </span>
     <span class='ocr_line' id='line_1_30' title="bbox 124 2845 1327 2928; baseline 0 -16"><span class='ocrx_word' id='word_1_310' title='bbox 124 2852 193 2912; x_wconf 81' lang='lat' dir='ltr'><strong>coni</strong></span> <span class='ocrx_word' id='word_1_311' title='bbox 213 2849 258 2910; x_wconf 92' lang='lat' dir='ltr'><strong>illi</strong></span> <span class='ocrx_word' id='word_1_312' title='bbox 280 2845 504 2908; x_wconf 82' lang='lat' dir='ltr'><strong>dilacerandum</strong></span> <span class='ocrx_word' id='word_1_313' title='bbox 527 2869 563 2908; x_wconf 85' lang='lat' dir='ltr'><strong>so</strong></span> <span class='ocrx_word' id='word_1_314' title='bbox 579 2851 784 2912; x_wconf 78' lang='lat' dir='ltr'><strong>dilaniandum</strong></span> <span class='ocrx_word' id='word_1_315' title='bbox 809 2851 969 2928; x_wconf 85' lang='lat' dir='ltr'><strong>obiecisse,</strong></span> <span class='ocrx_word' id='word_1_316' title='bbox 990 2851 1139 2912; x_wconf 83' lang='lat' dir='ltr'><strong>Theseum</strong></span> <span class='ocrx_word' id='word_1_317' title='bbox 1155 2853 1186 2912; x_wconf 90' lang='lat' dir='ltr'><strong>in</strong></span> <span class='ocrx_word' id='word_1_318' title='bbox 1205 2853 1327 2912; x_wconf 82' lang='lat' dir='ltr'><strong>vinculo</strong></span> 
     </span>
    </p>
   </div>
   <div class='ocr_carea' id='block_1_11' title="bbox 124 2923 1452 3017">
    <p class='ocr_par' dir='ltr' id='par_1_11' title="bbox 124 2923 1452 3017">
     <span class='ocr_line' id='line_1_31' title="bbox 124 2923 1452 3017; baseline 0.001 -21"><span class='ocrx_word' id='word_1_319' title='bbox 124 2935 298 2996; x_wconf 82' lang='lat' dir='ltr'><strong>coniecisse.</strong></span> <span class='ocrx_word' id='word_1_320' title='bbox 333 2931 440 2993; x_wconf 81' lang='lat' dir='ltr'><strong>Horat.</strong></span> <span class='ocrx_word' id='word_1_321' title='bbox 470 2933 574 2994; x_wconf 84' lang='lat' dir='ltr'><strong>ethic</strong></span> <span class='ocrx_word' id='word_1_322' title='bbox 602 2936 773 3017; x_wconf 85' lang='lat' dir='ltr'><strong>opinionem</strong></span> <span class='ocrx_word' id='word_1_323' title='bbox 796 2939 879 3015; x_wconf 84' lang='lat' dir='ltr'><strong>vulgi</strong></span> <span class='ocrx_word' id='word_1_324' title='bbox 903 2925 1024 2998; x_wconf 80' lang='lat' dir='ltr'><strong>secutus</strong></span> <span class='ocrx_word' id='word_1_325' title='bbox 1050 2947 1169 3010; x_wconf 68' lang='lat' dir='ltr'><strong>est,¹et</strong></span> <span class='ocrx_word' id='word_1_326' title='bbox 1190 2937 1248 2996; x_wconf 90' lang='lat' dir='ltr'><strong>Od.</strong></span> <span class='ocrx_word' id='word_1_327' title='bbox 1272 2958 1326 2998; x_wconf 83' lang='lat' dir='ltr'><strong>vn.</strong></span> <span class='ocrx_word' id='word_1_328' title='bbox 1451 2923 1452 2980; x_wconf 74' lang='lat' dir='ltr'><strong>l</strong></span> 
     </span>
    </p>
   </div>
   <div class='ocr_carea' id='block_1_12' title="bbox 123 3015 1452 3284">
    <p class='ocr_par' dir='ltr' id='par_1_12' title="bbox 123 3015 1452 3284">
     <span class='ocr_line' id='line_1_32' title="bbox 123 3015 1328 3102; baseline 0.003 -22"><span class='ocrx_word' id='word_1_329' title='bbox 123 3023 176 3084; x_wconf 87' lang='lat' dir='ltr'><strong>lib.</strong></span> <span class='ocrx_word' id='word_1_330' title='bbox 194 3022 225 3086; x_wconf 84' lang='lat'><strong>4.</strong></span> <span class='ocrx_word' id='word_1_331' title='bbox 239 3020 282 3102; x_wconf 81' lang='lat' dir='ltr'><strong>[v.</strong></span> <span class='ocrx_word' id='word_1_332' title='bbox 298 3017 363 3098; x_wconf 62' lang='lat'><strong>28]</strong></span> <span class='ocrx_word' id='word_1_333' title='bbox 386 3015 596 3080; x_wconf 68' lang='lat' dir='ltr'><strong>Neclectam</strong></span> <span class='ocrx_word' id='word_1_334' title='bbox 613 3019 691 3080; x_wconf 81' lang='lat' dir='ltr'><strong>valet</strong></span> <span class='ocrx_word' id='word_1_335' title='bbox 711 3021 836 3082; x_wconf 70' lang='lat' dir='ltr'><strong>lbeseus</strong></span> <span class='ocrx_word' id='word_1_336' title='bbox 852 3021 1022 3102; x_wconf 81' lang='lat' dir='ltr'><strong>obrumpere</strong></span> <span class='ocrx_word' id='word_1_337' title='bbox 1036 3043 1108 3084; x_wconf 87' lang='lat' dir='ltr'><strong>caro</strong></span> <span class='ocrx_word' id='word_1_338' title='bbox 1124 3021 1256 3088; x_wconf 81' lang='lat' dir='ltr'><strong>Vincula</strong></span> <span class='ocrx_word' id='word_1_339' title='bbox 1276 3021 1328 3084; x_wconf 78' lang='lat' dir='ltr'><strong>Pi.</strong></span> 
     </span>
     <span class='ocr_line' id='line_1_33' title="bbox 125 3103 1327 3189; baseline 0.002 -22"><span class='ocrx_word' id='word_1_340' title='bbox 125 3105 230 3167; x_wconf 84' lang='lat' dir='ltr'><strong>ritboo.</strong></span> <span class='ocrx_word' id='word_1_341' title='bbox 252 3107 297 3165; x_wconf 90' lang='lat' dir='ltr'><strong>sic</strong></span> <span class='ocrx_word' id='word_1_342' title='bbox 316 3105 347 3163; x_wconf 77' lang='lat' dir='ltr'><strong>a</strong></span> <span class='ocrx_word' id='word_1_343' title='bbox 372 3103 454 3181; x_wconf 80' lang='lat' dir='ltr'><strong>Virg.</strong></span> <span class='ocrx_word' id='word_1_344' title='bbox 476 3103 529 3168; x_wconf 87' lang='lat' dir='ltr'><strong>lib.</strong></span> <span class='ocrx_word' id='word_1_345' title='bbox 544 3111 573 3172; x_wconf 85' lang='lat'><strong>6.</strong></span> <span class='ocrx_word' id='word_1_346' title='bbox 592 3103 636 3189; x_wconf 81' lang='lat' dir='ltr'><strong>[v.</strong></span> <span class='ocrx_word' id='word_1_347' title='bbox 651 3105 740 3188; x_wconf 60' lang='lat'><strong>397]</strong></span> <span class='ocrx_word' id='word_1_348' title='bbox 762 3109 835 3170; x_wconf 84' lang='lat' dir='ltr'><strong>ileu.</strong></span> <span class='ocrx_word' id='word_1_349' title='bbox 858 3105 906 3168; x_wconf 82' lang='lat' dir='ltr'><strong>Hi</strong></span> <span class='ocrx_word' id='word_1_350' title='bbox 924 3105 1075 3170; x_wconf 81' lang='lat' dir='ltr'><strong>dominam</strong></span> <span class='ocrx_word' id='word_1_351' title='bbox 1090 3103 1173 3170; x_wconf 84' lang='lat' dir='ltr'><strong>Ditis</strong></span> <span class='ocrx_word' id='word_1_352' title='bbox 1192 3106 1327 3170; x_wconf 71' lang='lat' dir='ltr'><strong>thalamo</strong></span> 
     </span>
     <span class='ocr_line' id='line_1_34' title="bbox 125 3185 1452 3284; baseline -0.001 -34"><span class='ocrx_word' id='word_1_353' title='bbox 125 3187 266 3284; x_wconf 72' lang='lat' dir='ltr'><strong>deducere</strong></span> <span class='ocrx_word' id='word_1_354' title='bbox 279 3185 381 3252; x_wconf 82' lang='lat' dir='ltr'><strong>adorti</strong></span> <span class='ocrx_word' id='word_1_355' title='bbox 400 3197 456 3252; x_wconf 86' lang='lat' dir='ltr'><strong>etc.</strong></span> <span class='ocrx_word' id='word_1_356' title='bbox 602 3211 604 3218; x_wconf 92' lang='lat'>·</span> <span class='ocrx_word' id='word_1_357' title='bbox 1451 3221 1452 3224; x_wconf 36' lang='lat'>¹</span> 
     </span>
    </p>
   </div>
   <div class='ocr_carea' id='block_1_13' title="bbox 67 3433 1114 3562">
    <p class='ocr_par' dir='ltr' id='par_1_13' title="bbox 67 3407 1114 3562">
     <span class='ocr_line' id='line_1_35' title="bbox 67 3433 1114 3562; baseline 0.001 -46"><span class='ocrx_word' id='word_1_358' title='bbox 67 3511 69 3516; x_wconf 84' lang='grc'><em>,</em></span> <span class='ocrx_word' id='word_1_359' title='bbox 107 3476 110 3482; x_wconf 54' lang='lat'><em>2</em></span> <span class='ocrx_word' id='word_1_360' title='bbox 279 3433 310 3469; x_wconf 62' lang='lat'><em>²</em></span> <span class='ocrx_word' id='word_1_361' title='bbox 338 3437 876 3562; x_wconf 17' lang='lat' dir='ltr'><strong>euculsrrunuues.</strong></span> <span class='ocrx_word' id='word_1_362' title='bbox 927 3441 1114 3544; x_wconf 72' lang='lat' dir='ltr'><strong>cerv,</strong></span> 
     </span>
    </p>
   </div>
   <div class='ocr_carea' id='block_1_14' title="bbox 340 3629 1039 3701">
    <p class='ocr_par' dir='ltr' id='par_1_14' title="bbox 340 3629 1039 3701">
     <span class='ocr_line' id='line_1_36' title="bbox 340 3629 1039 3701; baseline 0.003 -17"><span class='ocrx_word' id='word_1_363' title='bbox 340 3675 347 3694; x_wconf 86' lang='grc'><em>,</em></span> <span class='ocrx_word' id='word_1_364' title='bbox 377 3635 379 3638; x_wconf 81' lang='grc'><strong>’</strong></span> <span class='ocrx_word' id='word_1_365' title='bbox 417 3629 520 3701; x_wconf 69' lang='lat' dir='ltr'><strong>Regali</strong></span> <span class='ocrx_word' id='word_1_366' title='bbox 535 3633 691 3684; x_wconf 72' lang='lat' dir='ltr'><strong>contemtia</strong></span> <span class='ocrx_word' id='word_1_367' title='bbox 706 3631 735 3688; x_wconf 85' lang='lat' dir='ltr'><strong>s&#39;t</strong></span> <span class='ocrx_word' id='word_1_368' title='bbox 752 3631 790 3686; x_wconf 84' lang='lat' dir='ltr'><strong>ud</strong></span> <span class='ocrx_word' id='word_1_369' title='bbox 805 3633 911 3688; x_wconf 84' lang='lat' dir='ltr'><strong>Poenas</strong></span> <span class='ocrx_word' id='word_1_370' title='bbox 927 3633 1039 3688; x_wconf 80' lang='lat' dir='ltr'><strong>reditas.</strong></span> 
     </span>
    </p>
   </div>
   <div class='ocr_carea' id='block_1_15' title="bbox 101 3771 1327 4035">
    <p class='ocr_par' dir='ltr' id='par_1_15' title="bbox 101 3771 1327 4035">
     <span class='ocr_line' id='line_1_37' title="bbox 101 3771 1327 3870; baseline 0.006 -31"><span class='ocrx_word' id='word_1_371' title='bbox 101 3829 103 3839; x_wconf 86' lang='grc'>,</span> <span class='ocrx_word' id='word_1_372' title='bbox 203 3787 241 3858; x_wconf 77' lang='lat'><strong>2·</strong></span> <span class='ocrx_word' id='word_1_373' title='bbox 268 3783 469 3850; x_wconf 73' lang='lat' dir='ltr'><strong>Puteesss</strong></span> <span class='ocrx_word' id='word_1_374' title='bbox 498 3804 611 3850; x_wconf 79' lang='lat' dir='ltr'><strong>u1vus</strong></span> <span class='ocrx_word' id='word_1_375' title='bbox 639 3771 881 3868; x_wconf 73' lang='lat' dir='ltr'><strong>menesteus]</strong></span> <span class='ocrx_word' id='word_1_376' title='bbox 914 3809 1051 3870; x_wconf 77' lang='lat' dir='ltr'><strong>praesens</strong></span> <span class='ocrx_word' id='word_1_377' title='bbox 1079 3784 1165 3848; x_wconf 82' lang='lat' dir='ltr'><strong>diuus</strong></span> <span class='ocrx_word' id='word_1_378' title='bbox 1191 3785 1327 3866; x_wconf 77' lang='lat' dir='ltr'><strong>ambigue</strong></span> 
     </span>
     <span class='ocr_line' id='line_1_38' title="bbox 125 3865 1326 3952; baseline 0.003 -26"><span class='ocrx_word' id='word_1_379' title='bbox 125 3865 258 3943; x_wconf 88' lang='lat' dir='ltr'><strong>dictum,</strong></span> <span class='ocrx_word' id='word_1_380' title='bbox 279 3872 330 3932; x_wconf 79' lang='lat' dir='ltr'><strong>vel</strong></span> <span class='ocrx_word' id='word_1_381' title='bbox 346 3881 381 3930; x_wconf 89' lang='lat' dir='ltr'><strong>ut</strong></span> <span class='ocrx_word' id='word_1_382' title='bbox 393 3893 530 3952; x_wconf 74' lang='lat' dir='ltr'><strong>praesens</strong></span> <span class='ocrx_word' id='word_1_383' title='bbox 544 3871 742 3949; x_wconf 84' lang='lat' dir='ltr'><strong>intelligetur,</strong></span> <span class='ocrx_word' id='word_1_384' title='bbox 764 3877 818 3952; x_wconf 78' lang='lat' dir='ltr'><strong>qui</strong></span> <span class='ocrx_word' id='word_1_385' title='bbox 837 3877 971 3933; x_wconf 87' lang='lat' dir='ltr'><strong>cernitur</strong></span> <span class='ocrx_word' id='word_1_386' title='bbox 991 3873 1088 3934; x_wconf 90' lang='lat' dir='ltr'><strong>oculis</strong></span> <span class='ocrx_word' id='word_1_387' title='bbox 1106 3882 1138 3932; x_wconf 87' lang='lat' dir='ltr'><strong>et</strong></span> <span class='ocrx_word' id='word_1_388' title='bbox 1159 3875 1212 3952; x_wconf 75' lang='lat' dir='ltr'><strong>qui</strong></span> <span class='ocrx_word' id='word_1_389' title='bbox 1232 3873 1326 3946; x_wconf 82' lang='lat' dir='ltr'><strong>adest,</strong></span> 
     </span>
     <span class='ocr_line' id='line_1_39' title="bbox 125 3951 1327 4035; baseline 0.003 -23"><span class='ocrx_word' id='word_1_390' title='bbox 125 3973 193 4014; x_wconf 92' lang='lat' dir='ltr'><strong>cum</strong></span> <span class='ocrx_word' id='word_1_391' title='bbox 215 3951 332 4035; x_wconf 85' lang='lat' dir='ltr'><strong>Iupiter</strong></span> <span class='ocrx_word' id='word_1_392' title='bbox 354 3966 460 4016; x_wconf 83' lang='lat' dir='ltr'><strong>contre</strong></span> <span class='ocrx_word' id='word_1_393' title='bbox 482 3973 522 4016; x_wconf 84' lang='lat' dir='ltr'><strong>ex</strong></span> <span class='ocrx_word' id='word_1_394' title='bbox 540 3957 654 4016; x_wconf 84' lang='lat' dir='ltr'><strong>tonitru</strong></span> <span class='ocrx_word' id='word_1_395' title='bbox 674 3965 704 4016; x_wconf 90' lang='lat' dir='ltr'><strong>et</strong></span> <span class='ocrx_word' id='word_1_396' title='bbox 726 3959 833 4019; x_wconf 87' lang='lat' dir='ltr'><strong>ceteris</strong></span> <span class='ocrx_word' id='word_1_397' title='bbox 857 3958 1002 4018; x_wconf 80' lang='lat' dir='ltr'><strong>similibus</strong></span> <span class='ocrx_word' id='word_1_398' title='bbox 1024 3959 1166 4019; x_wconf 80' lang='lat' dir='ltr'><strong>credetur</strong></span> <span class='ocrx_word' id='word_1_399' title='bbox 1186 3961 1219 4018; x_wconf 85' lang='lat' dir='ltr'><strong>in</strong></span> <span class='ocrx_word' id='word_1_400' title='bbox 1243 3957 1327 4017; x_wconf 81' lang='lat' dir='ltr'><strong>coelo</strong></span> 
     </span>
    </p>
   </div>
   <div class='ocr_carea' id='block_1_16' title="bbox 125 4041 1452 4124">
    <p class='ocr_par' dir='ltr' id='par_1_16' title="bbox 125 4041 1452 4124">
     <span class='ocr_line' id='line_1_40' title="bbox 125 4041 1452 4124; baseline 0.006 -26"><span class='ocrx_word' id='word_1_401' title='bbox 125 4057 205 4124; x_wconf 81' lang='lat' dir='ltr'><strong>esse,</strong></span> <span class='ocrx_word' id='word_1_402' title='bbox 227 4041 277 4100; x_wconf 89' lang='lat' dir='ltr'><strong>vel</strong></span> <span class='ocrx_word' id='word_1_403' title='bbox 302 4053 336 4102; x_wconf 91' lang='lat' dir='ltr'><strong>ut</strong></span> <span class='ocrx_word' id='word_1_404' title='bbox 355 4061 498 4122; x_wconf 80' lang='lat' dir='ltr'><strong>praesens</strong></span> <span class='ocrx_word' id='word_1_405' title='bbox 513 4041 659 4120; x_wconf 85' lang='lat' dir='ltr'><strong>significet</strong></span> <span class='ocrx_word' id='word_1_406' title='bbox 673 4043 834 4123; x_wconf 84' lang='lat' dir='ltr'><strong>cum,&#39;qui</strong></span> <span class='ocrx_word' id='word_1_407' title='bbox 851 4043 912 4102; x_wconf 89' lang='lat' dir='ltr'><strong>vim</strong></span> <span class='ocrx_word' id='word_1_408' title='bbox 931 4065 967 4102; x_wconf 83' lang='lat' dir='ltr'><strong>ec</strong></span> <span class='ocrx_word' id='word_1_409' title='bbox 981 4045 1147 4122; x_wconf 81' lang='lat' dir='ltr'><strong>potentium</strong></span> <span class='ocrx_word' id='word_1_410' title='bbox 1163 4055 1246 4105; x_wconf 84' lang='lat' dir='ltr'><strong>suam</strong></span> <span class='ocrx_word' id='word_1_411' title='bbox 1268 4063 1328 4102; x_wconf 79' lang='lat' dir='ltr'><strong>cx·</strong></span> <span class='ocrx_word' id='word_1_412' title='bbox 1382 4069 1391 4093; x_wconf 83' lang='lat'><strong>··</strong></span> <span class='ocrx_word' id='word_1_413' title='bbox 1451 4085 1452 4106; x_wconf 78' lang='lat' dir='ltr'><strong>t</strong></span> 
     </span>
    </p>
   </div>
   <div class='ocr_carea' id='block_1_17' title="bbox 17 4124 1403 4209">
    <p class='ocr_par' dir='ltr' id='par_1_17' title="bbox 17 4123 1452 4216">
     <span class='ocr_line' id='line_1_41' title="bbox 17 4124 1403 4209; baseline 0.002 -25"><span class='ocrx_word' id='word_1_414' title='bbox 17 4155 20 4160; x_wconf 91' lang='lat'>·</span> <span class='ocrx_word' id='word_1_415' title='bbox 124 4124 237 4206; x_wconf 88' lang='lat' dir='ltr'><strong>promit</strong></span> <span class='ocrx_word' id='word_1_416' title='bbox 250 4147 285 4186; x_wconf 90' lang='lat' dir='ltr'><strong>sc</strong></span> <span class='ocrx_word' id='word_1_417' title='bbox 300 4129 444 4188; x_wconf 83' lang='lat' dir='ltr'><strong>declaret.</strong></span> <span class='ocrx_word' id='word_1_418' title='bbox 486 4126 560 4185; x_wconf 85' lang='lat' dir='ltr'><strong>Nem</strong></span> <span class='ocrx_word' id='word_1_419' title='bbox 576 4137 610 4186; x_wconf 90' lang='lat' dir='ltr'><strong>ut</strong></span> <span class='ocrx_word' id='word_1_420' title='bbox 628 4128 762 4188; x_wconf 86' lang='lat' dir='ltr'><strong>tonitrus</strong></span> <span class='ocrx_word' id='word_1_421' title='bbox 784 4138 813 4188; x_wconf 88' lang='lat' dir='ltr'><strong>et</strong></span> <span class='ocrx_word' id='word_1_422' title='bbox 828 4129 952 4188; x_wconf 78' lang='lat' dir='ltr'><strong>fulmins</strong></span> <span class='ocrx_word' id='word_1_423' title='bbox 970 4128 1072 4190; x_wconf 87' lang='lat' dir='ltr'><strong>lovem</strong></span> <span class='ocrx_word' id='word_1_424' title='bbox 1089 4140 1276 4209; x_wconf 86' lang='lat' dir='ltr'><strong>praesentem</strong></span> <span class='ocrx_word' id='word_1_425' title='bbox 1292 4147 1345 4188; x_wconf 85' lang='lat' dir='ltr'><strong>sc·</strong></span> <span class='ocrx_word' id='word_1_426' title='bbox 1399 4185 1403 4198; x_wconf 86' lang='grc'>,</span> 
     </span>
    </p>
   </div>
   <div class='ocr_carea' id='block_1_18' title="bbox 125 4213 1328 4296">
    <p class='ocr_par' dir='ltr' id='par_1_18' title="bbox 125 4213 1328 4296">
     <span class='ocr_line' id='line_1_42' title="bbox 125 4213 1328 4296; baseline 0.001 -26"><span class='ocrx_word' id='word_1_427' title='bbox 125 4220 278 4290; x_wconf 87' lang='lat' dir='ltr'><strong>potentem</strong></span> <span class='ocrx_word' id='word_1_428' title='bbox 293 4234 356 4273; x_wconf 87' lang='lat' dir='ltr'><strong>esse</strong></span> <span class='ocrx_word' id='word_1_429' title='bbox 371 4213 482 4272; x_wconf 85' lang='lat' dir='ltr'><strong>docent</strong></span> <span class='ocrx_word' id='word_1_430' title='bbox 497 4221 587 4291; x_wconf 82' lang='lat' dir='ltr'><strong>etque</strong></span> <span class='ocrx_word' id='word_1_431' title='bbox 600 4213 773 4272; x_wconf 87' lang='lat' dir='ltr'><strong>odmonent:</strong></span> <span class='ocrx_word' id='word_1_432' title='bbox 796 4213 841 4274; x_wconf 89' lang='lat' dir='ltr'><strong>sio</strong></span> <span class='ocrx_word' id='word_1_433' title='bbox 856 4213 1001 4274; x_wconf 78' lang='lat' dir='ltr'><strong>victoriae</strong></span> <span class='ocrx_word' id='word_1_434' title='bbox 1015 4215 1328 4296; x_wconf 74' lang='lat' dir='ltr'><strong>Cesseriepotentism</strong></span> 
     </span>
    </p>
   </div>
   <div class='ocr_carea' id='block_1_19' title="bbox 45 4295 1452 4466">
    <p class='ocr_par' dir='ltr' id='par_1_19' title="bbox 45 4295 1452 4466">
     <span class='ocr_line' id='line_1_43' title="bbox 82 4295 1452 4383; baseline 0.004 -30"><span class='ocrx_word' id='word_1_435' title='bbox 82 4374 85 4383; x_wconf 23' lang='grc'>1</span> <span class='ocrx_word' id='word_1_436' title='bbox 125 4303 156 4354; x_wconf 87' lang='lat' dir='ltr'><strong>et</strong></span> <span class='ocrx_word' id='word_1_437' title='bbox 172 4295 357 4358; x_wconf 81' lang='lat' dir='ltr'><strong>divinitatem</strong></span> <span class='ocrx_word' id='word_1_438' title='bbox 373 4298 437 4376; x_wconf 77' lang='lat' dir='ltr'><strong>eius</strong></span> <span class='ocrx_word' id='word_1_439' title='bbox 454 4307 592 4374; x_wconf 74' lang='lat' dir='ltr'><strong>arguunt.</strong></span> <span class='ocrx_word' id='word_1_440' title='bbox 613 4297 684 4357; x_wconf 87' lang='lat' dir='ltr'><strong>vide</strong></span> <span class='ocrx_word' id='word_1_441' title='bbox 696 4309 797 4374; x_wconf 81' lang='lat' dir='ltr'><strong>annot.</strong></span> <span class='ocrx_word' id='word_1_442' title='bbox 813 4298 853 4359; x_wconf 80' lang='lat' dir='ltr'><strong>erl</strong></span> <span class='ocrx_word' id='word_1_443' title='bbox 870 4300 928 4360; x_wconf 90' lang='lat' dir='ltr'><strong>Od.</strong></span> <span class='ocrx_word' id='word_1_444' title='bbox 943 4300 1038 4376; x_wconf 62' lang='lat' dir='ltr'><strong>xerxe.</strong></span> <span class='ocrx_word' id='word_1_445' title='bbox 1053 4301 1105 4363; x_wconf 88' lang='lat' dir='ltr'><strong>lib.</strong></span> <span class='ocrx_word' id='word_1_446' title='bbox 1120 4304 1147 4366; x_wconf 90' lang='lat' dir='ltr'><strong>l.</strong></span> <span class='ocrx_word' id='word_1_447' title='bbox 1191 4297 1328 4360; x_wconf 87' lang='lat' dir='ltr'><strong>Nonsd-</strong></span> <span class='ocrx_word' id='word_1_448' title='bbox 1451 4319 1452 4344; x_wconf 53' lang='lat' dir='ltr'><strong>t</strong></span> 
     </span>
     <span class='ocr_line' id='line_1_44' title="bbox 45 4379 1452 4466; baseline 0.009 -27"><span class='ocrx_word' id='word_1_449' title='bbox 45 4435 52 4454; x_wconf 27' lang='grc' dir='ltr'>χ</span> <span class='ocrx_word' id='word_1_450' title='bbox 124 4381 245 4440; x_wconf 88' lang='lat' dir='ltr'><strong>modam</strong></span> <span class='ocrx_word' id='word_1_451' title='bbox 261 4379 404 4444; x_wconf 71' lang='lat' dir='ltr'><strong>discinde</strong></span> <span class='ocrx_word' id='word_1_452' title='bbox 420 4391 465 4442; x_wconf 84' lang='lat' dir='ltr'><strong>est</strong></span> <span class='ocrx_word' id='word_1_453' title='bbox 480 4382 558 4444; x_wconf 90' lang='lat' dir='ltr'><strong>illud</strong></span> <span class='ocrx_word' id='word_1_454' title='bbox 575 4383 607 4442; x_wconf 89' lang='lat' dir='ltr'><strong>io</strong></span> <span class='ocrx_word' id='word_1_455' title='bbox 624 4385 774 4464; x_wconf 89' lang='lat' dir='ltr'><strong>principio</strong></span> <span class='ocrx_word' id='word_1_456' title='bbox 790 4383 852 4445; x_wconf 86' lang='lat' dir='ltr'><strong>iere</strong></span> <span class='ocrx_word' id='word_1_457' title='bbox 868 4379 1013 4466; x_wconf 73' lang='lat' dir='ltr'><strong>epistolae</strong></span> <span class='ocrx_word' id='word_1_458' title='bbox 1031 4386 1074 4446; x_wconf 85' lang='lat' dir='ltr'><strong>ed</strong></span> <span class='ocrx_word' id='word_1_459' title='bbox 1093 4385 1217 4464; x_wconf 77' lang='lat' dir='ltr'><strong>August.</strong></span> <span class='ocrx_word' id='word_1_460' title='bbox 1230 4385 1283 4446; x_wconf 90' lang='lat' dir='ltr'><strong>lib.</strong></span> <span class='ocrx_word' id='word_1_461' title='bbox 1298 4389 1327 4450; x_wconf 80' lang='lat'><strong>2.</strong></span> <span class='ocrx_word' id='word_1_462' title='bbox 1451 4407 1452 4410; x_wconf 73' lang='grc'>’</span> 
     </span>
    </p>
   </div>
   <div class='ocr_carea' id='block_1_20' title="bbox 123 4463 1452 4586">
    <p class='ocr_par' dir='ltr' id='par_1_20' title="bbox 123 4463 1452 4586">
     <span class='ocr_line' id='line_1_45' title="bbox 123 4463 1452 4586; baseline 0.004 -61"><span class='ocrx_word' id='word_1_463' title='bbox 123 4463 299 4546; x_wconf 84' lang='lat' dir='ltr'><strong>Romulum,</strong></span> <span class='ocrx_word' id='word_1_464' title='bbox 320 4467 490 4544; x_wconf 77' lang='lat' dir='ltr'><strong>bocchum,</strong></span> <span class='ocrx_word' id='word_1_465' title='bbox 513 4469 666 4530; x_wconf 75' lang='lat' dir='ltr'><strong>Castorem</strong></span> <span class='ocrx_word' id='word_1_466' title='bbox 680 4479 710 4531; x_wconf 88' lang='lat' dir='ltr'><strong>et</strong></span> <span class='ocrx_word' id='word_1_467' title='bbox 724 4469 887 4548; x_wconf 86' lang='lat' dir='ltr'><strong>Pollucem,</strong></span> <span class='ocrx_word' id='word_1_468' title='bbox 909 4471 1157 4586; x_wconf 72' lang='lat' dir='ltr'><strong>liercmem&#39;poct</strong></span> <span class='ocrx_word' id='word_1_469' title='bbox 1170 4471 1327 4553; x_wconf 75' lang='lat' dir='ltr'><strong>praeclara</strong></span> <span class='ocrx_word' id='word_1_470' title='bbox 1366 4512 1367 4515; x_wconf 19' lang='grc' dir='ltr'><strong>κ</strong></span> <span class='ocrx_word' id='word_1_471' title='bbox 1451 4475 1452 4482; x_wconf 76' lang='grc'>’</span> 
     </span>
    </p>
   </div>
   <div class='ocr_carea' id='block_1_21' title="bbox 0 0 1467 5056">
    <p class='ocr_par' dir='ltr' id='par_1_21' title="bbox 0 0 1467 5056">
     <span class='ocr_line' id='line_1_46' title="bbox 0 0 1467 5056; baseline 0 0"><span class='ocrx_word' id='word_1_472' title='bbox 0 0 1467 5056; x_wconf 95' lang='lat' dir='ltr'><strong> </strong></span> 
     </span>
    </p>
   </div>
  </div>
 </body>
</html>
