2874 5050
413 285 570 396 usna
613 329 683 395 οο.
707 331 743 398 n.
785 352 821 434 a
843 301 1015 412 ao-ie'
1148 395 1149 400 r
1238 349 1299 417 arr

96 489 292 572 ἐξελθόντος.
316 496 349 558 id
371 507 436 577 est,
458 521 479 560 a·
496 497 615 562 Baccho
634 501 714 562 binis
735 503 852 568 loribus
870 528 1135 592 egresso,.nemps
1156 531 1194 574 ex
1213 507 1301 580 utero
1374 565 1376 573 ,

95 585 235 642 materno
252 592 282 642 et
302 581 382 644 lovis
400 587 529 662 lentare,
550 598 701 668 postremo
722 591 804 652 illius
828 591 1000 654 inventores
1018 595 1112 658 luisse
1130 599 1301 663 Corinthios

96 667 131 726 in
152 668 345 748 Dionysiacis.
368 667 443 752 baec
461 671 581 732 Pindari
604 671 795 754 interpretes.
839 678 899 738 Atii
921 679 1070 742 Bacchum
1087 684 1185 764 ipsum
1205 681 1300 750 «λιθό-

97 755 217 834 suppar
233 763 262 812 et
281 755 515 836 &plaudovvesse
533 759 647 820 dictum
662 761 809 823 scribunt.
825 775 831 792 ⁸
852 763 956 826 Fuisse
968 777 1078 836 ,autem
1094 751 1301 849 ditbyrambos

66 889 68 897 ,
94 839 187 918 plane
203 837 377 916 Bacchicoa,
391 841 422 900 iu
441 840 543 923 eisque
558 864 692 920 magnam
707 849 767 908 vim
785 846 823 908 ad
844 851 957 910 animos
973 853 1169 914 concitandos
1182 867 1213 917 et
1227 877 1300 938 per·

95 923 265 984 turbandos
281 925 371 986 luisse
386 945 489 1008 nequer
503 943 553 989 eos
570 931 655 1006 ullis,
678 943 886 1012 praeterquam
907 937 1011 996 furore
1032 939 1162 1017 quodam
1184 923 1305 1004 allectis

95 1019 127 1068 et
157 1008 367 1088 lymphaticis,
397 1013 588 1091 convenisse,
617 1015 868 1080 declaraturam
896 1020 928 1080 iu
954 1019 1092 1083 Phaedro
1114 1023 1162 1085 his
1186 1028 1299 1108 verbis,

96 1093 142 1196 [p.
157 1101 230 1160 238:
248 1095 286 1174 u]
309 1101 392 1182 Στγῇ,
403 1099 508 1186 τοίνυν
523 1095 626 1164 drove.
643 1106 686 1188 api
697 1099 765 1166 όνττ
778 1101 835 1186 peip
855 1111 941 1180 θεῖος
959 1105 1061 1170 ἔοικεν’
1071 1107 1090 1172 ό
1100 1105 1195 1187 τόπος
1210 1107 1318 1191 elsae*

97 1201 172 1253 ωςτε
188 1175 241 1251 ἐόν
253 1177 322 1262 -όρα
342 1177 487 1258 πολλάκις
504 1181 721 1272 νυμφόληπτος
740 1185 903 1270 προϊόντος
922 1195 978 1254 τοῦ
997 1186 1090 1276 λόγου
1105 1193 1236 1280 γένωμαι
1254 1194 1299 1282 μή

95 1258 274 1357 θαυμάσῃς·
295 1262 406 1356 rd'vriu
421 1265 478 1351 yla
496 1265 654 1352 οόπόρόω
668 1269 868 1354 διθυράμβων
882 1275 1063 1358 φθέγγομαι.
1086 1278 1117 1340 id
1138 1273 1193 1359 esi,
1216 1285 1300 1346 teci·-
1326 1266 1340 1334 ,¹

95 1359 147 1408 tus
169 1370 241 1428 ergo¹
262 1351 343 1412 audi.
386 1355 501 1416 Revera
521 1357 597 1418 enim
616 1358 736 1418 divinus
750 1357 805 1420 'bic
824 1361 911 1420 locus
932 1363 1056 1424 videtur
1076 1362 1149 1426 esse.¹
1193 1368 1300 1450 ltaque

95 1435 123 1494 si
139 1436 246 1520 crebro
258 1437 313 1497 tibi
334 1441 544 1518 progrediente
559 1446 692 1504 oratione
707 1443 881 1524 lymphatus
900 1446 965 1507 lieri
982 1447 1105 1527 videar,
1127 1471 1164 1512 ne
1179 1454 1315 1524 mirare.'
1346 1517 1350 1528 ,

93 1519 185 1580 Nunc
201 1523 296 1594 enim,
318 1543 395 1602 quae
412 1525 538 1604 loquor,
561 1549 620 1607 non
636 1528 724 1608 longe
739 1529 848 1591 absunt
863 1527 880 1590 a
895 1531 1103 1613 dithyrambis.
1143 1535 1301 1618 Antinoeis

96 1616 196 1666 autem
210 1609 342 1688 appellat
359 1608 565 1690 dithyrambos
583 1614 631 1674 vel
647 1624 774 1694 propter
787 1615 1008 1679 inusitatamet
1024 1619 1166 1682 audacem
1183 1623 1300 1684 verbo-
1427 1633 1428 1646 ¹

93 1711 164 1751 rum
186 1691 355 1755 iuncturam
378 1695 427 1757 vel
445 1707 573 1778 propter
592 1699 689 1789 podes
710 1709 741 1762 et
763 1720 905 1764 numeros
925 1704 991 1784 lege
1013 1705 1146 1785 solutos,
1168 1717 1203 1770 ut
1226 1729 1300 1770 mox
1427 1709 1428 1764 ἕ

94 1776 229 1842 subiicit.
417 1839 423 1846 ,
890 1827 893 1834 ι
1019 1841 1021 1852 ,
1093 1832 1098 1842 1

115 1887 118 1901 ·
182 1868 232 1928 11.
256 1861 479 1948 οτνοιττο]
502 1855 773 1947 deorsumvolvit,
796 1871 908 1948 idest,
930 1874 1016 1952 qussi
1032 1874 1301 1967 eruperiorelooo

93 1948 186 2007 verba
208 1949 324 2024 suadit,
347 1951 438 2036 verba
453 1952 577 2030 grandia
595 1953 740 2032 loquitur.
763 1957 924 2035 permansit
940 1968 1040 2018 autem
1055 1959 1087 2040 in
1101 1961 1204 2042 priore
1219 1949 1304 2024 sinii-

93 2033 222 2106 litudine
243 2034 374 2095 {luminis
393 2056 499 2114 magna
513 2036 553 2096 'vi
575 2037 742 2100 delabentis
761 2050 792 2100 et
812 2042 1048 2122 praecipitantis.

182 2125 230 2184 12.
259 2121 363 2180 Laos
392 2117 664 2200 sdanr1s1non
690 2125 771 2203 quod
797 2127 913 2188 numeri
934 2127 1104 2202 Pindarici,
1133 2130 1224 2196 etiam
1247 2131 1300 2194 di-

93 2197 292 2284 thyrambici,
314 2205 379 2283 lege
399 2206 461 2268 sint
483 2207 599 2274 soluti„
613 2207 666 2268 sed
690 2210 773 2288 quod
793 2229 987 2274 nunterorum
1009 2213 1313 2295 slitbyrambicorum

93 2291 190 2350 maior
207 2292 250 2361 sit
261 2289 396 2367 licentis,
420 2311 508 2370 quam
522 2292 658 2355 aliorum.
817 2325 824 2336 -
963 2329 967 2341 ,

182 2380 231 2440 13.
248 2377 320 2432 Seu
342 2370 451 2435 Deos·
463 2383 673 2452 s'sossour]
683 2377 803 2456 quidam
814 2376 885 2440 libri
897 2375 1012 2438 habent
1022 2397 1144 2459 regesne.
1168 2375 1300 2458 Doceat

94 2457 281 2540 Apollinem:
304 2479 405 2538 reges,
428 2471 463 2522 ut
479 2461 655 2537 Hieronem,
677 2462 797 2522 Siciliae
814 2481 924 2540 regom.

182 2549 220 2611 13
237 2565 281 2624 sq.
305 2545 470 2606 Densum
491 2538 591 2604 S⁸ano
602 2545 745 2624 mrsu]
769 2545 919 2606 Homerus
935 2544 1039 2606 multis
1053 2543 1129 2604 locis
1146 2541 1299 2628 deoperire

96 2619 311 2710 etdaoapepicr
324 2631 483 2710 βασιλῆας,
506 2629 539 2688 id
555 2637 617 2704 est,
640 2651 658 2688 a
672 2629 743 2692 love
760 2641 846 2690 natos
859 2641 889 2692 at
903 2653 921 2690 a
936 2631 1008 2692 lova
1027 2629 1171 2712 educatos
1188 2633 1298 2714 appel-

95 2714 153 2792 lat,
177 2724 209 2794 et
221 2713 341 2774 Hesiod.
359 2709 410 2776 Ἐκ
426 2710 459 2778 δὲ
474 2709 549 2787 Διός
563 2716 713 2794 βασιλῆες.
734 2713 766 2774 id
782 2726 842 2796 est,
864 2717 912 2776 Ex
926 2715 998 2775 Iove
1014 2735 1111 2794 reges.
1216 2745 1221 2766 ι

182 2801 231 2866 15.
255 2797 480 2880 Casssunr]
501 2795 671 2876 Herculem,
692 2795 860 2862 Pirithoum
876 2810 906 2861 et
922 2787 1188 2884 ceteroslrapitbss
1206 2799 1298 2880 signi·

96 2883 181 2960 licat,
205 2883 255 2964 qui
273 2885 632 2955 centaurosdevicerunt.
1014 2961 1015 2964 Ἴ
1226 2905 1230 2916 ·
1291 2958 1293 2968 A

174 2973 222 3037 15.
246 2972 400 3029 escrrirr
422 2989 532 3032 rasas.
557 2969 681 3044 Passa,
697 2967 890 3050 Carrucam]
912 2965 1175 3050 Bellerophontem
1197 2970 1299 3049 signi-

95 3053 179 3198 llpat:
202 3053 240 3114 de
253 3056 388 3138 quolege
401 3051 524 3118 Pindar.
538 3054 824 3138 carm.13.0lymp.
839 3065 869 3118 et
882 3055 953 3156 vide
967 3061 1071 3116 annot.
1084 3055 1298 3139 adOd.xxsrr.
1393 3117 1397 3128 ,

105 3257 110 3270 =
183 3229 232 3294 17.
256 3221 355 3287 Essa
375 3246 466 3288 noas.
489 3244 568 3289 aar.
591 3219 754 3303 saeua]
771 3222 854 3303 Virg.
880 3227 988 3304 Georg.
1008 3229 1042 3290 1.
1064 3222 1108 3306 [v.
1124 3223 1188 3306 69.]
1210 3222 1299 3288 Elia-
1325 3282 1326 3286 ,

97 3305 167 3375 dum
181 3307 300 3392 palmas
315 3307 423 3391 Epiros
438 3333 586 3392 equorum.
603 3320 633 3370 et
646 3316 674 3374 8.
690 3309 731 3390 [v.
742 3307 878 3390 202qu
901 3309 966 3371 Hic
987 3307 1035 3370 uel
1052 3307 1095 3368 ad
1117 3307 1186 3370 Elei
1205 3323 1299 3370 metas
1347 3387 1350 3393 Ι
1384 3307 1414 3376 ’.

97 3409 129 3453 ιτ
141 3396 280 3453 maximo
292 3397 391 3475 campi
405 3393 532 3454 Sudodit
549 3396 647 3476 spatia
661 3408 688 3454 et
703 3408 906 3476 spumosoget
925 3417 975 3455 ore
988 3408 1132 3455 cruentos.
1150 3403 1181 3454 el
1197 3393 1251 3456 lib.
1265 3399 1298 3462 6.

98 3478 220 3539 Αοοοὶό.
241 3479 282 3558 [r.
297 3481 358 3549 587
374 3479 432 3558 οφ]
460 3477 607 3556 Quattuor
626 3477 676 3540 dic
694 3481 823 3540 invectus
838 3479 919 3564 equis
938 3493 967 3538 et
984 3475 1128 3560 lampado
1141 3471 1301 3560 quosaam,

98 3559 154 3622 Per
171 3559 294 3622 Graium
307 3559 434 3645 populos
447 3561 616 3646 mediaeque
626 3586 679 3644 per
693 3559 793 3622 Elidis
807 3561 905 3623 urbem
920 3559 989 3622 Itur
1005 3583 1096 3623 ouans
1112 3571 1169 3624 ele.

185 3654 235 3714 18.
262 3647 515 3728 caenssrrss]
537 3649 647 3724 idest,
670 3647 756 3728 quasi
779 3649 896 3708 caelum
917 3645 1017 3726 gloria
1036 3647 1226 3726 attingenteis
1246 3647 1297 3726 vel

97 3751 168 3802 cum
189 3733 254 3792 aliis
274 3733 449 3793 caelestibus
468 3733 506 3792 ob
523 3733 646 3812 gloriam
662 3727 889 3812 comparandos.
1075 3788 1079 3804 ,

187 3825 237 3886 18.
267 3814 493 3878 ruornr'ura
520 3817 730 3899 equumve]
759 3817 823 3878 sive
846 3837 913 3880 eum
933 3815 1058 3886 laudat,
1087 3814 1140 3898 qui
1158 3816 1297 3896 pugilatu
1353 3831 1355 3836 '

98 3901 216 3980 vicerit,
233 3905 390 3975 nivosum,
412 3903 463 3982 qui
477 3925 569 3963 cursu
584 3913 611 3966 et
625 3901 785 3987 certamine
799 3899 930 3982 equeslri
943 3899 1083 3981 superior
1095 3901 1193 3962 suerit.
1209 3901 1295 3981 epist.

101 3989 137 4048 ad
154 3982 285 4066 Pisones,
307 3987 347 4070 [s.
361 3990 425 4068 84]
449 3987 486 4047 Et
501 3985 629 4070 pugilem
647 3989 790 4066 victorem*
811 4001 837 4048 et
860 4004 965 4070 equum
982 3985 1139 4046 certamine
1157 3987 1295 4070 prienam.

100 4073 149 4134 alii
165 4074 201 4134 de
221 4073 343 4134 Castora
361 4083 391 4134 et
404 4073 526 4133 Polluce
542 4071 656 4150 dictum
671 4072 780 4133 volunt
788 4084 799 4144 ,'
821 4094 837 4131 a
854 4071 962 4152 quibus
979 4069 1132 4131 dissentio.
1194 4147 1196 4152 ι

131 4211 133 4222 ,
185 4161 234 4225 19.
256 4180 301 4218 rr
324 4179 433 4220 cerr.
456 4177 620 4218 rosanus
641 4177 734 4220 saon.
756 4155 936 4236 Murrus]
957 4154 1099 4214 videlicet
1113 4153 1296 4216 carminibus

101 4244 201 4320 donat,
217 4266 293 4324 quae
310 4243 494 4324 quibuslibet
507 4243 597 4320 siguis
608 4251 642 4303 et
657 4243 797 4323 operibus
807 4263 896 4302 mareu
911 4240 998 4300 iactis
1010 4248 1080 4299 sunt
1098 4237 1297 4302 diuturniore.

101 4327 246 4391 Pindarus
258 4329 341 4393 Nem.
362 4330 467 4410 quinto
484 4328 613 4388 carmine
630 4327 686 4404 ait,
708 4347 740 4387 se
754 4349 815 4388 non
830 4347 893 4387 esse
908 4335 1073 4387 statuarum
1092 4323 1296 4388 faciendarum
1357 4345 1369 4372 ¹

102 4413 243 4475 artificem
259 4435 354 4494 neque
369 4421 453 4494 signa
472 4413 582 4492 fingere
602 4421 687 4471 motu
701 4413 833 4474 carentia
852 4415 881 4472 et
902 4429 978 4491 quaa
992 4418 1142 4490 perpetuo
1158 4411 1298 4472 insistant

101 4500 130 4561 in
145 4521 197 4559 sna
212 4503 294 4560 basi:
318 4499 370 4560 sed
387 4500 516 4560 carmina
534 4497 680 4572 condere,
703 4517 779 4576 ques
794 4507 892 4573 ¹terras
909 4505 939 4573 et
953 4497 1045 4556 masia
1062 4500 1297 4580 peragi-engeu-

102 4607 238 4667 rumque,
263 4589 314 4667 qui
334 4587 498 4648 certamine
516 4583 619 4664 aliquo
633 4583 765 4646 victores
779 4575 965 4724 exstitbrinp,
986 4579 1093 4646 laudea
1111 4581 1251 4644 nuntient
1266 4589 1308 4641 et·

192 4707 200 4716 .
456 4679 458 4696 ⁴
597 4689 599 4696 ’
720 4668 723 4684 ’
887 4722 890 4728 Δ
962 4671 1023 4732 11¹2
