2874 5050
409 269 491 331 mr.
515 269 567 344 ιν,
607 269 772 372 onvn:
803 293 834 358 ι.
857 279 1005 344 ιι-οο
1219 219 1307 352 isos

1 492 2 498 ,
100 435 266 584 ἱεῖιὶνίιοοο
283 459 457 522 uunquam,
478 453 548 502 c'um
567 435 758 515 θοίνανοςάἰί
780 433 954 521 eiicientur,
976 453 1014 508 ut
1031 446 1131 529 iuquit
1151 448 1203 510 ille
1225 453 1304 531 o'pud
1374 495 1386 520 ,

133 534 239 672 letAb
258 611 377 682 ‚rr'us
398 631 444 670 rs
466 587 623 670 srnnrim
644 610 774 672 Minos
795 581 991 696 Frueris]
1014 625 1044 678 et
1065 635 1133 678 cum
1150 617 1187 678 de
1205 605 1304 680 tilii.

103 713 159 752 noa
175 693 331 772 splendide
349 704 379 754 et
394 697 548 776 praeclare
564 697 706 756 iudicarit
718 699 952 778 sententiamque
969 701 1177 779 aequissimam
1192 705 1305 770 tulerit.
1431 771 1432 774 Ἴ

102 778 252 838 Humerus
266 765 363 838 Minoa
378 780 507 842 iudicem
523 783 597 840 facit
611 784 694 862 apud
706 781 819 844 in'leros
833 776 936 848 ὄδνσσ.
951 777 987 849 λ’.
1004 785 1045 866 [r.
1061 789 1124 852 567
1137 788 1198 870 sq.]
1228 791 1304 852 Ner·
1426 849 1432 874 ,

101 861 245 924 susacim
264 863 382 942 Ulyrses
398 867 525 929 Alcinoo
543 869 621 926 inter
639 876 750 942 cetera,
766 889 799 928 ae
811 869 897 928 illum
911 869 1023 930 vidisse
1037 871 1219 934 iudicantem
1237 895 1304 938 cuns

102 957 244 1026 sceptro,
265 947 313 1007 his
331 950 442 1026 verbis,
455 945 641 1032 Ἔνθ”ἤτοι
656 953 772 1022 Μίνωα
786 953 854 1016 idos
870 949 942 1028 Διὸς
955 947 1064 1038 α’γίαὸν
1078 953 1305 1041 ιίιιίνΧοιίοεον
1370 1003 1371 1006 =
1428 1027 1432 1039 .

104 1039 259 1115 σκῆπτρον
276 1033 398 1115 ἔχοντα)
419 1031 637 1116 θεμιστεύοντα
656 1037 793 1113 visuum,
808 1033 961 1120 ''Hpsrov'‚
985 1041 1018 1104 oi
1035 1039 1069 1104 di
1087 1065 1139 1122 μιν
1160 1037 1240 1124 cippi
1260 1047 1304 1110 di·
1353 1087 1359 1094 -

55 1117 67 1126 ³
102 1119 287 1200 surripuere
303 1115 436 1182 ἄναντα·
448 1122 481 1181 id
496 1131 558 1198 est,
580 1121 631 1182 hic
647 1132 746 1182 autem
760 1123 860 1182 blinoa
873 1124 939 1184 vidi
953 1123 1033 1186 lovis
1047 1127 1158 1204 lilium,
1180 1150 1304 1194 aureum

104 1214 256 1283 sceptrum
272 1213 436 1280 tenentem,
460 1219 586 1268 mortuis
605 1209 653 1268 ius
673 1209 822 1268 dicenteui
838 1210 1057 1273 accedentemr
1079 1212 1124 1272 illi
1146 1222 1244 1274 autem
1267 1218 1304 1278 ds
1385 1237 1391 1249 ¹

102 1287 167 1348 iure
181 1288 335 1350 dominum
353 1291 558 1352 consulebant.
590 1288 673 1352 Plato
687 1313 808 1374 quoque
822 1294 854 1354 in
871 1295 980 1374 Gorgia
990 1295 1022 1356 in
1039 1317 1073 1356 eu
1088 1297 1200 1373 sabula,
1214 1297 1321 1380 quasis-
1424 1341 1429 1348 ·

100 1384 204 1434 narrat
220 1374 257 1449 de
273 1374 392 1436 iudiciis
405 1378 604 1454 morientium,
626 1397 703 1458 quae
725 1389 811 1442 antea
829 1399 921 1459 penes
936 1383 1024 1442 rivos
1040 1395 1141 1460 eraut,
1163 1385 1304 1446 ad‘mor-
1350 1435 1353 1441 ,

102 1468 178 1534 tuos,
194 1459 372 1542 translatis,
385 1461 487 1522 lovem
508 1464 624 1522 inducit
643 1460 720 1523 duos
737 1482 774 1524 ex
793 1464 863 1522 Asia
879 1456 996 1528 iudices
1017 1465 1152 1542 dentem,
1174 1468 1304 1533 Minoem

59 1565 63 1574 ·
103 1555 135 1606 et
148 1543 401 1622 lladamsnthum,
424 1567 523 1608 unum,
541 1543 579 1610 eie
598 1548 733 1628 Europa,
756 1549 905 1627 Aeacum,
929 1551 998 1630 quia
1017 1557 1086 1612 dum
1105 1553 1163 1632 ipsi
1183 1575 1303 1636 quoquo

89 1629 215 1692 ,monui
229 1630 299 1705 sint,
317 1632 476 1692 verisimile
492 1633 538 1709 sit,
557 1653 608 1692 eos
625 1628 739 1710 integre
755 1645 785 1693 et
798 1636 976 1716 incorrupte
993 1635 1030 1695 ds
1044 1639 1171 1698 mortuis
1184 1639 1307 1702 iudicas
1433 1641 1434 1654 ¹

100 1723 195 1794 turos.
239 1715 355 1776 Primae
368 1727 465 1778 autern
489 1727 518 1777 et
533 1717 710 1800 praecipuae
726 1718 880 1778 iudicandi
894 1729 997 1800 partes
1013 1721 1106 1781 Minoi
1119 1723 1248 1801 dantur,
1270 1737 1304 1788 ut
1360 1714 1363 1720 Δ

102 1819 141 1858 ex
156 1799 348 1868 hisPlatonis
365 1803 466 1864 verbis
480 1805 643 1882 intelligere
657 1803 739 1879 licet,
756 1799 800 1884 [p.
817 1800 890 1871 524.
903 1804 953 1884 A]
998 1801 1095 1889 Μίνῳ
1115 1805 1148 1869 di
1160 1813 1304 1890 πρεσβεῖα

103 1881 206 1960 duom,
226 1885 458 1964 ἐπιδιακρίνειν,
480 1887 534 1951 isis
556 1881 769 1974 ᾖᾶπόῤῥητόν
787 1911 815 1950 τι
833 1888 939 1972 ἑτέρῳ,
962 1889 1015 1952 ἵνα
1029 1889 1069 1964 νίς
1087 1887 1260 1976 δικαιοτάτη
1280 1894 1304 1976 ἦ
1335 1881 1362 1890 ⁰

100 1972 199 2052 κρίσις
214 1959 240 2054 ᾖ
251 1969 319 2052 περί
329 1975 383 2052 τῆς
396 1974 519 2056 πορείας
531 1981 594 2046 τοῖς
607 1965 793 2054 ἀνθρώποις.
807 1973 880 2034 aide
896 1984 996 2034 annot.
1014 1974 1052 2034 sd
1065 1975 1122 2036 Od.
1131 1998 1201 2036 xus.
1212 1979 1265 2038 lib.
1273 1986 1304 2046 2.

186 2059 237 2121 23.
261 2057 312 2120 24.
341 2065 416 2116 noir
446 2078 489 2116 rs
521 2056 753 2116 Resurrunr
782 2058 943 2137 erraras]
973 2059 1018 2118 alc
1041 2079 1133 2140 suprs
1155 2062 1212 2134 Od.
1233 2083 1301 2122 xiv.

99 2139 154 2202 lib.
173 2145 203 2206 2.
221 2135 311 2219 [init]
359 2139 451 2217 Eheu,
463 2139 612 2224 fugaces,
634 2138 786 2216 Postume,
812 2147 963 2217 Postume,
985 2141 1144 2206 Labuntur
1156 2149 1230 2206 unni
1251 2169 1303 2207 nec
1337 2211 1350 2222 ,
1434 2153 1435 2194 1

98 2227 315 2303 pietusmoram
324 2221 422 2306 Rugis
435 2241 462 2286 et
478 2227 602 2284 instanti
616 2239 746 2284 senectae
759 2225 877 2309 Affiret
893 2225 1112 2310 indomitaeque
1125 2233 1224 2290 morti.
1239 2226 1302 2308 hei-7

100 2309 153 2368 bet
174 2307 251 2368 haec
270 2311 426 2389 repetitio,
449 2309 518 2370 Non
534 2333 643 2391 genus,
666 2331 724 2369 non
748 2323 776 2368 te
793 2305 961 2394 facundia,
980 2331 1040 2373 non
1064 2327 1092 2372 te
1119 2324 1191 2390 etc,
1213 2336 1305 2396 quani

102 2394 210 2453 Graeci
227 2387 433 2458 α’ναιίίπίοισιν
451 2405 575 2464 vocant,
598 2393 725 2454 multum
745 2394 918 2454 venustatis.
961 2393 1011 2451 Sic
1025 2393 1159 2474 Sappho,
1181 2395 1239 2466 οὐκ
1260 2401 1304 2464 ἔτι

99 2473 165 2558 ἥξω
189 2473 266 2560 πρός
290 2497 336 2555 σε,
367 2474 424 2542 ονίι
446 2479 488 2542 ἔτι
507 2475 581 2559 ἥξοι.
602 2479 634 2538 id
657 2488 720 2554 eat,
742 2499 803 2537 uon
825 2477 953 2559 amplius
973 2476 1012 2536 ad
1034 2485 1064 2538 tu
1084 2481 1219 2558 veniam,
1240 2502 1304 2544 nou
1367 2477 1373 2496 ¹

33 2606 47 2636 x
66 2621 68 2626 ,
84 2565 230 2644 ,amplius
245 2565 374 2624 veniam.
388 2565 451 2642 lege
469 2585 545 2644 quae
562 2573 703 2624 annotata
719 2573 789 2623 eunt
798 2582 889 2644 supra
901 2561 939 2622 ad
950 2561 1036 2621 illum
1045 2561 1156 2642 locum,
1178 2562 1302 2644 Ibimus,
1323 2607 1332 2614 -

39 2705 55 2725 ,,
101 2647 215 2715 Ibimus
230 2659 286 2708 etc.
306 2651 364 2711 Od.
380 2670 457 2713 xrrr.
480 2651 531 2712 lib.
546 2655 575 2714 2.
590 2648 633 2729 [v.
650 2646 715 2727 10.]
1189 2653 1209 2700 ’.

187 2736 238 2800 25.
261 2735 446 2796 Insrnnrs
471 2755 554 2802 rao.
582 2751 866 2808 curacenses.
888 2731 965 2812 etc]
988 2731 1082 2794 Pallas
1107 2733 1189 2812 apud
1212 2730 1301 2799 llom.

101 2811 203 2882 siduno.
217 2814 251 2899 γ’.
271 2820 314 2878 ait
326 2841 364 2879 ne
377 2821 449 2878 deos
468 2819 587 2898 quidem
603 2817 794 2878 immortaleis
809 2817 846 2878 ab
862 2838 918 2894 eo,
939 2835 1027 2898 quern
1044 2837 1146 2878 carum
1163 2817 1302 2899 habeant,

43 2947 49 2952 -
100 2913 228 2964 mortens
241 2925 343 2974 arcere
360 2913 411 2963 aut
424 2904 601 2984 propulsare
616 2924 723 2984 posse,
738 2901 786 2961 his
803 2903 956 2980 versibus,
977 2895 1057 2966 'asts'
1076 2899 1146 2983 ἤτοι
1165 2900 1317 2968 θάνατον

101 2986 157 3070 μίν
173 2987 292 3070 ὁμοίϊον
308 2985 379 3054 odet
395 2991 465 3054 θεοί
481 3012 536 3070 περ
552 2989 612 3052 Καί
628 2990 706 3070 φίλῳ
722 2982 810 3066 ἀνδρί
823 2985 968 3052 δύνανται
977 2981 1142 3069 stantun
1155 2999 1210 3050 sto.
1224 3011 1303 3070 quas
1342 2991 1345 2998 “

82 3083 83 3086 ’
102 3093 194 3154 supra
210 3076 310 3136 testeis
322 3075 523 3156 produximus
541 3075 580 3133 ad
596 3073 652 3132 Od.
669 3092 756 3133 xxrv.
774 3074 828 3136 lib.
845 3080 876 3140 8.

112 3165 122 3184 ’
186 3164 237 3227 25.
260 3159 460 3239 runicuu]
489 3160 618 3242 pudicus
643 3169 688 3218 est
708 3160 845 3239 propris,
875 3157 928 3238 qui
953 3156 1075 3218 alterius
1094 3157 1246 3221 libidinem
1269 3163 1302 3220 iu
1326 3235 1328 3242 Ι
1358 3233 1363 3250 ⁸

102 3263 157 3304 suo
172 3265 300 3323 corpore
318 3267 378 3304 nou
397 3256 442 3306 est
458 3265 582 3325 passus,
604 3253 640 3304 ut
654 3245 741 3324 epist.
756 3245 795 3304 ad
810 3243 934 3317 Quinct.
960 3243 1013 3306 lib.
1033 3251 1059 3309 1.
1083 3248 1223 3322 [16,36.]
1247 3269 1301 3306 ne·

98 3321 149 3410 ges
164 3353 222 3412 esse
234 3327 385 3416 pudicum.
400 3351 475 3409 quae
487 3329 660 3408 significatio
677 3329 748 3388 huic
758 3329 827 3388 loco
838 3331 964 3388 l'ortasse
980 3329 1140 3391 convenire
1154 3343 1217 3406 non
1231 3341 1300 3410 pot·
1376 3333 1385 3344 “

102 3422 157 3474 est.
200 3413 302 3492 ltaque
320 3417 460 3494 putabam
482 3415 532 3474 hic
552 3415 697 3494 pudicum
719 3415 927 3494 accipiendum
951 3434 1006 3494 pro
1029 3433 1081 3487 eo,
1104 3415 1155 3492 qui
1177 3417 1301 3486 alterius
1366 3415 1376 3424 “

49 3493 50 3496 ’
100 3497 278 3578 pudicitiam
298 3520 357 3558 ιιοιι
375 3501 484 3570 violet,
509 3501 607 3580 etqui
629 3501 756 3578 alterum
776 3495 836 3559 non
859 3499 969 3572 alliciat
988 3498 1184 3579 impudicum.
1203 3503 1300 3578 qualis

101 3583 161 3641 suit
175 3581 374 3664 Hippolytus,
397 3586 447 3666 qui
463 3605 611 3646 novercae
625 3591 763 3664 stuprum
780 3583 890 3644 inferre
906 3582 1012 3642 noluit.
1056 3585 1116 3642 Sed
1134 3585 1185 3643 dic
1200 3587 1299 3662 etiam,

74 3735 81 3754 .
100 3665 244 3727 hocloco
260 3669 402 3749 pudicum
422 3671 544 3750 proprie
566 3671 647 3750 poni.
688 3671 765 3730 Nam
781 3671 911 3750 pudicus
925 3689 960 3727 eo
979 3663 1091 3738 elicitur
1106 3667 1300 3749 Hippolytus,

102 3753 346 3832 quod'novercae
361 3756 514 3816 libidinem
530 3755 561 3814 in
577 3775 632 3814 suo
648 3773 774 3834 corpore
791 3776 853 3814 nou
865 3752 1008 3836 pertulit,
1032 3751 1104 3830 quin
1123 3775 1186 3814 eam
1200 3755 1301 3835 depu-

100 3837 138 3897 lit
159 3859 195 3897 ac
216 3839 366 3902 discussit.
409 3842 477 3901 Non
498 3841 575 3900 enirn
599 3839 682 3922 ipse,
705 3839 758 3900 sed
781 3841 844 3900 eius
867 3853 998 3900 noverca
1018 3835 1154 3900 Phaedra
1174 3840 1304 3902 libidine
1353 3867 1356 3874 ¹
1404 3919 1410 3929 ἱ

101 3913 240 4000 ardebat,
263 3945 351 4004 quarn
366 3947 420 3986 suu
439 3927 636 4004 temperantia
651 3927 826 4005 compressit
838 3946 872 3984 sc
891 3923 1022 3984 retudit.

187 4016 238 4076 26.
263 4011 438 4072 ίιιοειιια
460 4007 696 4089 Hieronem]
717 4009 860 4086 Theseus,
886 4009 994 4086 Aegaei
1011 4005 1108 4085 filius,
1130 4007 1299 4092 Hippolyto

102 4113 141 4154 ex
158 4095 287 4173 Antiopa
303 4097 453 4156 Amazone
466 4107 624 4176 suscepto,
651 4093 834 4170 Phaedram,
856 4093 963 4154 Minois
977 4093 1085 4170 lilians,
1106 4093 1194 4154 duxit
1214 4115 1301 4154 uxo-

99 4198 175 4240 rem.
232 4181 341 4240 Uxoris
378 4183 409 4242 in
440 4181 534 4242 lilium
567 4179 691 4240 insidias
724 4182 857 4254 veritus,
890 4179 1088 4258 Hippolytum
1118 4179 1314 4263 Troezenens⁴
1422 4230 1424 4238 ,

102 4264 288 4342 emandavit,
311 4276 346 4326 ut
364 4267 428 4327 illic
449 4273 597 4344 regnaret.
642 4263 780 4344 ,Phpedra
801 4275 916 4340 autem,
939 4265 1019 4325 illius
1042 4283 1142 4324 amore
1165 4265 1299 4344 incense,

100 4351 230 4429 primurn
250 4351 359 4412 Veneri
382 4354 527 4432 templum
553 4349 739 4410 consecrarit
769 4349 905 4426 Athenis,
928 4357 962 4410 ut
984 4369 1047 4408 eom
1069 4349 1125 4434 sibi
1150 4352 1317 4429 placatam.

99 4437 320 4515 propitiumque
332 4435 465 4514 haberet,
485 4435 565 4516 quod
577 4443 681 4514 postea
695 4433 914 4514 Hippolyteuru
927 4435 1108 4514 appellatum
1124 4445 1178 4498 est.
1210 4435 1299 4496 Dein.

100 4517 139 4580 de
153 4519 332 4590 Troezeuem
346 4523 500 4604 prolecta,
522 4539 646 4602 sperans
659 4539 691 4580 se
704 4519 807 4597 iuveni
820 4539 1047 4664 parsuazuram,
1069 4530 1220 4586 utrarum
1235 4541 1299 4626 rep

437 4634 440 4647 ι
961 4626 977 4666 0
999 4613 1021 4674 2
