2908 5056
386 202 477 265 clu..
493 201 544 266 111,
594 201 665 264 01),
684 200 767 266 XIV.
810 221 839 267 r.
863 201 1012 270 11—25.
1236 205 1300 310 803¹

94 361 237 461 ρατᾶξειζ
258 368 297 440 osi
311 369 363 438 siu
381 365 506 455 τυχόντα
519 365 559 440 ds
575 371 689 452 ἱδρῶτα
706 377 770 448 τοῖς
781 368 948 453 ἡμεδαποῖς
961 370 1116 457 παρέσχεν.
1138 367 1246 456 quibus
1262 395 1316 438 exv
1404 391 1406 398 ’

75 465 199 526 vuerbis
220 462 271 545 (ne
291 459 418 522 verbum
438 459 531 520 verbo
546 455 719 539 reddamus)
735 457 900 536 intelligere
915 460 1002 535 lieet,
1021 457 1105 520 hunc
1120 463 1300 542 Spartacum

94 569 216 612 seruum
227 556 265 608 ot
286 545 481 625 gladiatorem
503 553 534 604 et
547 563 655 622 genere
669 541 815 604 Thracem
833 545 926 606 luisse
942 555 1097 625 totumque
1109 545 1226 608 ltaliam
1245 549 1300 608 'diu

94 629 277 716 populatum
298 651 380 702 esse,
402 628 523 690 maiore-
540 629 573 688 in
593 629 655 692 dies
678 649 834 690 servorum
858 631 1049 692 multitudine
1068 631 1107 691 ed
1129 652 1301 694 cumcon-

95 723 225 782 fluente:
248 727 279 778 et
298 715 356 774 uisi
371 714 402 774 in
420 736 459 776 eo
477 714 611 798 proelio,
634 711 717 796 quod
734 715 878 775 adversus
892 717 1031 776 eranum
1051 720 1217 796 commisit,
1241 740 1301 780 oc-

97 803 270 882 cubuisset,
291 803 430 880 msgnum
444 801 476 860 iu
490 800 650 862 discrimen
665 817 730 860 rem
741 803 909 880 ¹llomuusm
922 801 1014 862 fuisse
1027 811 1195 864 venturam.
1230 805 1302 866 Plu.

97 889 223 953 tarchus
237 897 335 948 sutem
350 887 385 946 ln
401 887 507 946 Crasso
527 886 654 962 scribit,
678 887 813 964 quamvis
825 887 856 968 ip
873 905 907 946 es
925 907 1040 966 pegus,
1061 908 1137 968 quas
1156 888 1303 950 adversus

97 966 276 1058 spartacum
286 981 417 1052 pugnata
432 981 495 1050 est,
520 973 644 1032 Crassus
661 973 723 1047 (cui
735 970 766 1030 id
791 971 904 1032 bellum
917 973 1019 1034 suerat
1031 975 1239 1044 mendatuma
1253 995 1304 1035 se-

51 1115 54 1125 .
96 1059 188 1146 natu)
204 1081 267 1122 sesa
282 1057 445 1119 fortissime
459 1057 583 1136 gesserit
598 1077 745 1136 suumque
759 1057 855 1136 ipsius
870 1075 980 1137 corpus
991 1059 1127 1138 periculo
1143 1059 1304 1122 obtulerit:

97 1149 183 1208 illius
198 1144 343 1206 victoriae
365 1151 467 1202 tamen
487 1143 613 1222 gloriam
637 1141 780 1224 Pompeio
803 1159 867 1202 esso
885 1145 1050 1222 quaesitam
1072 1157 1162 1224 etque
1178 1146 1305 1206 adscri—
1372 1133 1379 1150 ’

98 1243 198 1314 ptem,
219 1227 379 1311 propterea
394 1228 477 1306 quod
491 1249 558 1304 eos,
581 1228 633 1307 qui
648 1248 664 1286 a
680 1227 797 1310 proelio
814 1227 999 1306 aufugerant,
1021 1240 1165 1310 exceptos
1179 1232 1306 1314 Pompe·
1377 1281 1383 1292 ,

97 1320 147 1378 ius
159 1315 358 1378 interfecerit:
381 1313 472 1372 itaut
493 1313 531 1373 ad
551 1323 686 1373 senatum
706 1312 877 1392 scripserit,
900 1315 1039 1374 Crassum
1058 1315 1306 1397 quidem'spertc

72 1433 76 1438 ·
98 1404 193 1464 Merts
208 1395 314 1462 vicisse
328 1398 479 1476 sugit-iras,
495 1419 527 1460 se
544 1409 643 1458 autem
657 1399 729 1460 belli
740 1397 885 1476 reliquias
901 1400 1057 1478 sustulisse
1070 1411 1103 1460 et
1118 1389 1168 1478 (ut
1178 1401 1306 1462 sitPlu-

98 1481 238 1572 tarchus)
254 1489 310 1550 rosi
321 1483 454 1565 πολέμου
465 1480 523 1565 τήν
544 1481 629 1566 (illos
644 1477 843 1571 ἀνῃρηκέναι)
864 1483 897 1544 id
911 1495 972 1563 est,
994 1485 1068 1546 belli
1087 1485 1222 1556 redicem
1242 1505 1304 1548 exs-

101 1574 221 1634 cidisse.
600 1587 604 1594 ·
1101 1607 1102 1610 =
1300 1603 1302 1608 .

117 1677 124 1706 ι’
186 1661 239 1732 19.‚
259 1659 393 1718 Srssr.
415 1675 450 1714 s1
471 1674 550 1722 our
571 1657 646 1728 stc]
669 1653 694 1722 si
708 1673 768 1733 qus
782 1661 860 1714 testa
876 1673 929 1714 seu
944 1655 970 1714 si
985 1656 1052 1736 quis
1068 1655 1306 1736 csduseffagerc
1384 1685 1400 1709 ··

99 1744 199 1828 potuit
212 1743 351 1823 Spartaci
364 1751 395 1798 et
410 1739 603 1814 lugitivorum
619 1759 739 1814 manus,
756 1749 850 1800 toteos
863 1741 980 1802 ltaliam
998 1741 1054 1802 iuo
1077 1743 1224 1804 arbitratu
1236 1763 1305 1822 per.
1346 1729 1357 1749 *

100 1828 287 1890 currentium
304 1823 539 1884 acuastsntiusu.
576 1823 635 1884 Sed
647 1823 837 1883 videturnon
854 1846 943 1902 posse
956 1827 1031 1886 sarri
1042 1827 1117 1885 haec
1130 1828 1302 1905 explicatio,
1384 1861 1386 1868 ·

100 1913 127 1972 si
144 1933 203 1996 quo
219 1925 302 1987 testa,
323 1909 355 1968 id
369 1918 432 1984 est,
449 1909 479 1966 'si
495 1903 596 1987 sliq'ua
607 1917 701 1972 testa:
725 1908 837 1988 alioqui
854 1903 911 1968 erit
933 1908 1094 1970 trochaeus
1115 1919 1169 1969 seu
1182 1909 1307 1983 ,tribra-

101 1997 177 2058 chus
188 2017 245 2078 pro
256 1995 389 2076 dactylo,
407 2015 465 2077 quc
477 2007 559 2074 poto.
579 2015 639 2076 que
654 1992 731 2052 enim
742 1993 817 2054 recti
829 2013 916 2054 usus
929 1993 1029 2056 brevis
1044 2005 1090 2056 est
1103 1993 1226 2074 syllaba.
1257 1993 1307 2056 lli·
1391 2013 1398 2024 ·

102 2083 230 2146 cendum
242 2082 334 2160 igitur
349 2090 408 2155 est,
430 2079 479 2138 vel
492 2076 616 2156 histegi
631 2079 738 2138 debere
754 2079 781 2138 si
795 2101 871 2162 poce
883 2101 939 2162 pro
959 2081 987 2140 si
1000 2103 1060 2165 quo
1080 2081 1163 2161 quod
1177 2080 1306 2160 quibus·
1360 2103 1361 2106 ¹

69 2197 72 2201 ·
102 2169 171 2228 dam
187 2169 304 2249 placet,
325 2167 376 2226 vel
390 2166 415 2226 si
428 2172 565 2224 servetur
577 2165 666 2224 lectio
688 2173 825 2244 recepta,
845 2167 873 2226 si
887 2187 956 2248 qua,
972 2188 1031 2250 que
1045 2164 1095 2228 hie
1111 2175 1232 2247 praeter
1247 2187 1307 2226 us-

102 2265 203 2316 turam
223 2253 343 2332 longum
359 2251 438 2311 fieri:
460 2259 530 2326 sut,
555 2249 637 2329 quod
650 2249 744 2328 magis
758 2250 869 2330 probo,
889 2253 916 2311 ss'
933 2273 997 2334 que
1017 2253 1148 2332 positum
1166 2271 1229 2314 esss
1247 2273 1305 2334 pro

102 2341 130 2402 si
143 2361 201 2420 qus
221 2351 324 2422 parts,
347 2358 399 2399 seu
418 2335 584 2416 potiua,si
608 2337 818 2414 quassatione,
845 2346 880 2396 ut
900 2337 984 2418 spad
996 2337 1149 2422 tffirgqltb.
1166 2345 1195 2406 1.
1229 2340 1304 2402 Aen.
1393 2341 1396 2346 '

102 2427 236 2510 princip.
260 2421 400 2512 [v.18.]
446 2420 483 2480 Si
504 2442 562 2504 que
575 2419 654 2504 foto
670 2424 780 2483 εἰηαιη.
800 2441 981 2503 quemquem
994 2425 1126 2489 carisius
1150 2425 1204 2487 lib.
1222 2432 1252 2493 2.
1278 2425 1306 2486 si

104 2535 166 2597 que
181 2513 247 2572 vult
262 2513 325 2583 esse
340 2507 474 2592 positum
491 2506 573 2586 apmd
591 2506 695 2584 virgil.
713 2528 770 2594 pro
783 2510 810 2568 si
823 2531 899 2592 quo,
920 2507 980 2568 hoc
996 2512 1103 2597 cethei
1121 2531 1181 2592 quo
1198 2511 1304 2573 modo:
1380 2579 1384 2584 ,

104 2598 357 2678 quemadmodum
374 2604 404 2655 et
417 2591 469 2654 lib.
483 2597 512 2656 6.
531 2589 657 2652 iu-extr.
673 2589 715 2671 [v.
728 2591 814 2674 853]
835 2596 863 2654 si
882 2613 942 2677 quc
958 2593 1032 2678 soto
1052 2618 1158 2679 aspero
1177 2619 1306 2679 rpmpas,

106 2683 155 2744 Tu
170 2681 336 2747 Marcellus
349 2683 415 2741 etis.
427 2698 488 2738 uon
504 2676 646 2737 dissimile
655 2688 702 2740 est
712 2677 790 2738 illud
801 2679 945 2756 eiusdem,
960 2681 1086 2742 Pslsem.
1101 2683 1175 2757 [Eel.
1187 2684 1313 2754 1'11‚16.]'

103 2765 144 2828 Es
160 2771 188 2829 si
203 2791 261 2828 noa
278 2765 381 2848 eliqua
397 2764 561 2836 nocuum,
583 2776 715 2823 mortuas
727 2777 813 2830 esses.
854 2765 921 2830 uos
934 2765 1054 2844 desunt,
1078 2768 1130 2846 qui
1145 2767 1189 2828 sie
1206 2765 1309 2848 expli-

105 2861 194 2928 cant,
216 2851 391 2933 Spartacum
413 2849 440 2908 si
455 2869 514 2930 quc
532 2857 588 2910 etc.
606 2847 638 2907 id
657 2857 718 2934 est,
741 2852 766 2908 si
785 2851 890 2914 vinum
902 2851 933 2909 in
947 2851 1046 2930 simus
1062 2861 1138 2912 testa
1153 2853 1310 2924 canditum

35 2955 48 2974 ²
103 2939 205 3018 potuit
218 2942 393 3018 Spartacum
410 2934 530 2999 fallere:
547 2943 585 3000 ,ut
601 2952 663 2992 vor
680 2930 773 2994 cados
786 2928 1027 3014 subiutelligstur
1039 2946 1069 2998 et
1086 2938 1227 3017 iungatur
1240 2957 1310 2997 cum

104 3021 200 3084 uerbo
211 3025 307 3105 potuis
319 3033 349 3082 et
364 3041 421 3100 pro
440 3019 509 3078 vino
523 3019 620 3100 posits
641 3017 840 3097 intelligetur:
862 3024 1019 3103 qso'ses'm
1035 3033 1134 3083 autem
1155 3025 1216 3084 sint
1230 3021 1310 3082 sexti

105 3123 193 3168 casus
214 3128 284 3187 pro:
301 3107 448 3185 iustique
463 3113 546 3166 testu.
563 3104 647 3182 quod
658 3101 730 3164 mihi
745 3107 828 3165 nullo
844 3105 933 3164 modo
950 3107 1060 3186 placat.
1087 3108 1178 3178 Kros-
1191 3117 1236 3170 est
1251 3127 1310 3167 au·
1400 3135 1425 3180 χ

105 3189 166 3254 tem
183 3193 322 3269 dubium,
345 3193 432 3271 quio,
455 3209 543 3268 quem
560 3189 667 3248 cadum
681 3191 785 3269 paullo
803 3201 870 3250 ante
886 3190 1005 3268 dixerit,
1019 3191 1070 3252 hic
1084 3201 1190 3254 testam
1205 3193 1317 3273 sppel·,
1346 3239 1350 3246 .

106 3281 158 3342 let.
171 3279 353 3350 hortantum
361 3278 494 3350 interest,
509 3274 592 3353 quod
606 3283 681 3334 testa
696 3275 847 3336 materiam
862 3275 1004 3353 declarat,
1019 3277 1113 3338 sadus
1126 3297 1308 3350 mensuram.

88 3375 94 3384 ’
174 3371 245 3444 ·20.
270 3357 474 3442 Fecisse]
496 3353 680 3434 λανθάνειν,
704 3359 813 3436 latere,
835 3361 1006 3441 utsaepius
1022 3362 1079 3424 iam
1093 3363 1168 3423 dixi.
1335 3421 1342 3433 ‚

191 3457 242 3515 21.
272 3447 339 3506 Dr'e
365 3467 411 3506 sa
439 3463 622 3504 ssourss
646 3463 843 3510 rsorsssr
873 3445 953 3526 ste]
978 3446 1030 3507 die
1051 3449 1253 3525 etNessrse,
1274 3455 1312 3508 ut

106 3543 252 3618 properet
267 3533 408 3612 colligere
423 3529 534 3590 crinem
546 3529 625 3588 uode
636 3573 645 3605 ,
672 3529 705 3588 id
719 3539 781 3608 est,
801 3531 930 3612 religare
942 3551 1058 3592 comam
1070 3533 1104 3592 i'n
1116 3531 1239 3594 nodum.
1251 3533 1312 3592 tels

20 3623 24 3630 ’
108 3632 155 3688 est
168 3621 246 3680 illud
262 3618 319 3679 0d,
336 3638 380 3676 xr.
394 3617 492 3700 tibet.
512 3613 553 3690 [r.
569 3621 610 3680 22
626 3612 704 3692 oqq-]
726 3613 779 3700 die
798 3638 853 3698 ege
874 3639 940 3678 cum
956 3614 1023 3700 lyra
1036 3615 1171 3679 Mutum
1191 3619 1338 3684 incuss-2

4 3769 5 3774 ,
108 3722 170 3766 tum
184 3703 345 3766 Lacaenae
359 3703 448 3764 More
462 3718 577 3762 comem
595 3697 720 3780 religata
733 3697 854 3764 nodum.

194 3796 245 3856 22.
268 3783 511 3864 Mrssneuss]
540 3783 708 3846 subflavum
731 3787 779 3845 rel
799 3783 932 3867 myrrhei
951 3785 1063 3846 coloris
1082 3787 1133 3848 vel
1155 3785 1314 3866 myrrhino

108 3885 262 3956 unguento
284 3873 463 3934 delibutum.
504 3869 613 3930 Tibull.
633 3869 686 3930 lib.
702 3875 732 3935 8.
752 3871 826 3951 eleg.
843 3877 875 3938 4.
899 3869 941 3952 [vs
954 3872 1017 3951 28]
1055 3869 1201 3932 Stillodot
1225 3873 1313 3954 Tyrio

108 3959 241 4040 myrrhea
256 3980 320 4019 rore
340 3979 437 4027 como·
479 3955 615 4035 Propsrt.
631 3953 686 4014 h'b.
705 3963 737 4023 ts
757 3955 808 4036 [9,
823 3955 873 4038 8.]
905 3955 982 4018 'Ass
1005 3953 1079 4039 quid
1098 3953 1227 4020 &ossea
1246 3957 1315 4052 cst·-
1434 4037 1439 4044 ἡ

108 4049 171 4106 nete
180 4037 514 4129 perfisndercmyrrlsa?
534 4041 616 4100 iuvas
627 4043 823 4120 repetendum
837 4037 898 4105 eisd
911 4047 1030 4105 κοινοῦ.

195 4135 249 4196 22.
274 4149 376 4188 sono
407 4129 628 4199 cossurus]
656 4127 798 4206 colligere
825 4144 880 4188 ssu
901 4120 1028 4206 religare
1052 4117 1227 4203 inperium.
1249 4145 1315 4226 sup3
1370 4189 1376 4200 ,
1449 4183 1450 4196 ,

110 4215 168 4280 od.
179 4235 243 4282 xrs,
262 4213 313 4276 lib.
329 4219 361 4281 2.
382 4199 424 4294 [i.
439 4209 504 4290 219.]
524 4209 604 4270 dixit
621 4207 702 4272 sodo
719 4213 858 4276 oo'c'rosre.
904 4287 905 4292 η

172 4293 875 4380 '25.Lsrrrsessserrssursresetc.
920 4294 1317 4377 coniungendamntlssec,
1400 4345 1403 4354 .

107 4387 227 4448 'caimos
242 4382 339 4446 litium
355 4397 382 4446 et
398 4385 486 4444 rixae
498 4377 632 4462 cupidos,
645 4389 682 4440 ut
697 4381 844 4464 significet
857 4405 908 4446 τον
923 4377 1037 4464 θυμόν.
1053 4383 1176 4444 canities
1191 4376 1315 4465 (inquit)

111 4482 142 4532 et
155 4481 237 4532 setes
257 4473 467 4550 ingravescens
482 4485 529 4530 me
542 4464 692 4532 mitiorem
707 4475 738 4528 et
751 4467 948 4550 placidiorem
964 4468 1109 4534 reddidit.
1151 4469 1245 4548 Atqui
1263 4467 1316 4527 ts·
1369 4544 1373 4552 1
