2894 5052
126 190 233 303 ‘nee
373 250 441 314 s,
540 213 1028 310 nonerucnnnmn..

170 415 229 462 tere
241 397 384 483 populum
399 393 489 460 Rom.
508 398 638 458 omnium
659 417 813 478 regnorum
834 410 1015 478 uppeteutnn
1030 390 1139 462 uideri:
1160 393 1384 480 demigraturos

170 489 203 548 in
218 469 274 549 itta
292 483 496 548 locantium
515 483 646 544 inminse
659 497 780 566 propter
794 501 933 564 agrorum
951 479 1112 546 bonitatem
1127 498 1155 544 et
1170 487 1303 548 omnium
1321 507 1385 546 re-

171 594 235 632 rum
251 593 286 632 ro
308 577 383 632 reem.⁴
764 605 770 612 ·
1180 631 1185 640 .
1364 625 1376 644 .

255 594 384 720 'LPNeo
407 655 627 714 Lenonroue
648 652 757 733 uine]
780 651 825 712 sio
839 650 952 713 hebent
972 673 1073 716 omnes
1090 653 1187 716 nostri
1204 653 1277 716 libri
1291 663 1384 732 vett„
1403 675 1407 690 ·

170 741 273 804 nultus
289 738 453 804 Laronius.
1294 776 1296 780 -

240 815 288 894 ¹8.
309 821 521 906 Trununr]
543 834 623 884 nent.
641 843 680 883 ex
700 844 760 903 quo
778 844 835 904 per
850 824 1073 886 translationem
1089 839 1188 886 tronto
1205 827 1302 888 oratio
1319 847 1385 908 ap-

170 914 319 995 pelletur,
338 910 447 984 idest,
469 919 530 968 nnn
545 908 719 988 vehemens,
743 915 802 968 nori
820 919 971 984 contorte,
994 931 1054 972 non
1072 911 1257 989 interrupte,
1279 930 1385 991 neque

162 1001 309 1072 ¹concise,
331 996 383 1056 aed
397 996 493 1058 fluens
511 1004 541 1054 et
557 995 712 1054 continens
728 1004 756 1054 et
773 996 857 1054 susa..
872 996 934 1056 Cic.
952 996 989 1057 de
1001 997 1085 1054 Orat.
1102 1003 1132 1060 2.
1150 999 1212 1070 [15.
1226 1000 1287 1070 61]
1310 1020 1384 1056 ver-

173 1070 280 1149 borum
295 1096 393 1142 nutem
420 1082 497 1140 ratio
520 1095 547 1140 et
567 1103 659 1158 genus
680 1083 824 1140 orationis
841 1079 944 1161 fusum
966 1095 1079 1148 etaim
1101 1079 1220 1140 lenitate
1244 1078 1385 1164 quodum
1441 1117 1444 1124 ·

83 1239 85 1250 Ι
172 1163 323 1252 aequabili
343 1167 503 1248 profluens.
545 1165 628 1224 ldem
650 1166 682 1226 in
704 1167 782 1244 peri.
807 1175 882 1226 oret.
904 1165 1054 1246 [20‚66.]
1076 1163 1128 1226 aed
1151 1168 1183 1226 in
1209 1165 1256 1226 bis
1279 1181 1386 1228 teneto

173 1251 336 1338 quaedum,
357 1265 384 1310 et
401 1252 503 1334 fluens
522 1251 687 1331 emetitur,
713 1249 870 1312 non-iaco
891 1265 1042 1334 contorto,
1065 1266 1092 1310 et
1115 1253 1197 1312 ncrir
1217 1253 1325 1312 oratio.
1352 1261 1385 1312 et

173 1344 287 1399 trdctus
298 1333 449 1396 uerborum
465 1336 546 1414 npud
564 1335 691 1395 eundem
709 1336 762 1395 lib.
779 1341 809 1402 2.
826 1336 863 1396 de
879 1336 962 1395 Orat.
978 1336 1017 1398 ed
1031 1337 1068 1410 Q.
1081 1337 1131 1394 Fr.
1149 1335 1307 1417 [50‚202.]
1326 1337 1385 1418 qui

157 1419 290 1486 'timor?
319 1442 394 1502 quoe
423 1417 570 1482 dubitatio
591 1435 760 1504 tractusque
786 1419 963 1484 uerborum?
997 1421 1142 1484 sententia
1165 1432 1263 1482 nutem
1285 1420 1384 1482 huius

174 1509 237 1570 loci
251 1507 327 1566 hnec
341 1515 400 1566 est:
423 1525 555 1588 meorum
573 1505 725 1576 clientium
740 1524 849 1566 uxoren
863 1507 946 1566 lorini
963 1505 1036 1568 mibi
1048 1511 1107 1568 nob
1124 1517 1261 1587 carpunt,
1282 1527 1384 1588 neque

175 1603 263 1670 nent,
287 1590 454 1670 exquibus
475 1590 547 1652 mihi
570 1591 768 1669 conficientur
786 1601 873 1672 logne
891 1603 1082 1674 praetextae,
1105 1613 1175 1662 oum
1198 1593 1385 1654 obtinuerim

175 1681 391 1760 magistratum.

260 1787 292 1849 8.
315 1777 518 1858 antennae]
549 1779 590 1839 ita
614 1779 754 1840 admonet
783 1801 847 1842 esse
867 1781 1026 1860 legendum
1049 1781 1181 1842 Carisius
1204 1781 1259 1840 lib.
1282 1786 1310 1846 1.
1331 1779 1385 1840 hie

146 1876 150 1904 ⁸
174 1867 295 1944 verbis,
318 1863 416 1933 Cliens
430 1867 594 1924 eommunis
608 1879 659 1928 eet.
688 1863 856 1927 Invenimus
869 1883 965 1927 tomen
982 1881 1009 1926 et
1023 1865 1160 1928 clientum
1177 1863 1259 1949 opud
1273 1865 1385 1952 Afro-

176 1955 259 2014 nium
280 1955 312 2012 in
335 1949 461 2029 Pompo,
488 1951 604 2010 interim
624 1962 678 2010 tun
701 1949 827 2012 clienta.-
850 1969 877 2014 et
903 1949 985 2034 opud
1009 1951 1189 2028 Horatium,
1218 1950 1283 2016 Neo
1307 1953 1385 2012 Lu·-

177 2041 297 2121 oonipos
311 2033 383 2108 milri
402 2033 537 2094 Trahunt
551 2033 688 2096 bonertoe
696 2059 844 2117 purpuras
858 2036 990 2100 clienter.
1034 2039 1134 2118 Atque
1149 2036 1224 2098 haec
1233 2047 1315 2117 ‘eunt
1329 2059 1385 2096 an-

175 2133 279 2185 notate
296 2122 366 2184 abl.
382 2119 513 2180 Antonio
529 2119 657 2180 Mureto.
692 2121 803 2182 Verum
820 2125 904 2203 quod
917 2125 955 2182 ad
971 2123 1050 2183 liano
1065 2120 1247 2203 scripturalia
1263 2123 1386 2200 attinet,

140 2234 145 2244 ·
177 2231 242 2272 eam
261 2209 293 2268 in
310 2229 372 2268 uno
388 2207 547 2266 dumtaxat
563 2207 642 2268 libro
665 2217 767 2268 vetere
783 2211 900 2288 reperi,
924 2229 1021 2289 eoque
1038 2205 1200 2270 Vaticano:
1222 2227 1311 2288 quem
1329 2217 1387 2266 ta-

175 2317 243 2358 men
257 2303 440 2372 corruperat
464 2293 651 2373 nescioquis
673 2293 831 2373 imperitus
850 2297 1033 2372 litterarum,
1056 2295 1171 2356 adiectu
1189 2318 1213 2354 s.
1255 2295 1386 2354 Plautus

177 2403 299 2464 quoque
317 2382 414 2442 utitur
434 2377 494 2440 hoo
511 2381 630 2440 nomine
645 2381 678 2440 in
697 2381 845 2457 Rudente,
868 2381 922 2460 [W.
942 2388 969 2456 1,
987 2381 1077 2460 1qu
1102 2379 1182 2440 Bene
1195 2379 1327 2462 foetum,
1355 2393 1389 2438 ee

175 2466 281 2552 volupe
294 2481 336 2526 ert
353 2465 436 2540 mibi,
458 2463 546 2528 bodie
566 2465 612 2526 tie
630 2463 811 2526 mulierculis
827 2469 867 2524 Te
881 2463 981 2526 tulisse
995 2464 1162 2529 auxilium:
1183 2467 1242 2525 inm
1257 2462 1387 2525 clientas

118 2561 124 2570 '
177 2555 279 2635 reperi.
305 2561 338 2612 'et
361 2552 392 2610 in
415 2551 476 2614 Mil.
501 2552 577 2628 glor.
599 2555 801 2626 [111,1‚194.]
824 2549 1092 2628 tratemundum
1115 2549 1386 2629 elientommeum.

89 2682 94 2693 ,
177 2639 312 2718 Denique
325 2642 366 2698 ito
382 2635 455 2715 legit
468 2635 618 2716 Porphyr.
634 2637 698 2698 sire
714 2635 781 2716 quis
798 2637 874 2696 aliua
890 2635 1119 2717 Pneudoporplr.

264 2747 313 2808 10.
344 2738 538 2818 Brutone]
568 2739 667 2820 lorge,
695 2738 840 2817 effluens,
868 2737 1032 2800 nbundnns.
1061 2737 1132 2799 vide
1152 2757 1229 2818 quae
1249 2737 1387 2800 diximus
1445 2745 1446 2748 ’

179 2826 219 2887 ed
242 2826 392 2886 0d.xv11.
412 2824 465 2886 lib.
483 2831 510 2890 1.
742 2836 756 2848 ·
900 2861 903 2876 .

266 2916 316 2977 10.
338 2908 468 2992 Veni]
490 2910 575 2990 epist.
594 2907 634 2968 vde
653 2906 726 2968 Arte
748 2915 829 2988 pobt.
854 2913 895 2984 [r.
912 2913 998 2983 4092]
1019 2929 1072 2990 ego
1095 2930 1148 2970 nee
1166 2906 1297 2970 studium
1320 2913 1388 2972 eine

179 2993 270 3058 diuite
283 3015 366 3072 neno,
388 2993 451 3055 Nee
468 2993 549 3070 rude,
565 2991 639 3076 quid
649 2996 743 3075 prosit
755 2994 839 3056 uideo
848 3039 856 3071 ,
878 2997 1038 3076 ingenium.

268 3087 319 3146 11.
342 3081 467 3140 Ntnru
488 3099 607 3138 sorau
629 3079 730 3138 Duos
751 3080 934 3160 necesso]
957 3101 1017 3142 non
1029 3079 1121 3158 fatigo
1136 3079 1214 3138 Deos
1228 3078 1387 3158 precibus,

179 3175 216 3226 ut
229 3165 317 3247 plura
332 3165 455 3226 donent.
477 3165 520 3224 nie
534 3165 612 3224 enim
630 3183 695 3244 sup.
707 3165 827 3224 loeutus
847 3175 901 3228 est.
925 3165 983 3226 Od.
998 3185 1034 3228 11.
1050 3163 1279 3245 lib-'1.[v.26.]
1297 3187 1389 3248 prere

180 3272 242 3335 quo
253 3249 386 3338 fatigent
402 3257 460 3312 etc.
572 3245 574 3250 ’

225 3413 228 3422 1
267 3359 316 3420 12.
338 3353 364 3412 N
371 3373 413 3412 ro
435 3371 645 3412 rorrnrau
664 3347 788 3432 sure]
810 3347 958 3414 Potentem
982 3353 1111 3412 ominum
1129 3346 1181 3415 eiu
1198 3347 1389 3436 ὑπερέχοντα

126 3451 131 3464 “
160 3439 273 3516 ¹‹pltor
287 3439 428 3518 appellat.
471 3437 520 3496 Sic
541 3447 639 3496 nutem
653 3437 726 3498 licet
741 3453 797 3498 'eos
818 3435 910 3498 hodie
931 3439 1103 3518 appellere,
1126 3441 1180 3516 qui
1196 3438 1347 3521 ‘coluntur
1368 3461 1388 3498 1

180 3523 369 3582 tenuioribus
383 3543 436 3602 epe
454 3523 591 3582 utilitatis
608 3523 749 3598 alicuius,
771 3543 831 3584 non
850 3535 950 3584 eutem
965 3523 1120 3596 dominos,
1144 3541 1212 3582 oum
1235 3521 1283 3582 his
1300 3533 1388 3583 tem-

178 3607 305 3688 poribus
321 3627 476 3668 servornm
493 3627 564 3676 usus
583 3608 719 3666 sublatus
734 3609 781 3670 sit.
824 3609 874 3668 Sic
889 3609 970 3668 idem
987 3610 1074 3689 epist.
1089 3607 1126 3666 nd
1141 3607 1217 3667 Loll.
1230 3614 1262 3674 2.
1280 3607 1336 3670 lib.
1356 3617 1387 3673 1.

97 3716 107 3728 ·
180 3691 244 3773 [18‚
263 3691 328 3772 41]
369 3693 412 3752 Tu
433 3689 501 3752 cede
521 3693 649 3772 potentis
670 3695 762 3752 nmini
781 3691 912 3753 Lenibus
937 3681 1185 3776 imperiissitlem
1213 3693 1388 3774 appellatur

180 3799 237 3838 rex
253 3786 284 3836 et
306 3781 343 3836 ub
364 3778 431 3857 ipso
447 3779 549 3838 Horat.
565 3787 624 3836 eta
641 3777 766 3856 Plauto,
787 3799 894 3860 nempe
913 3780 966 3859 qui
988 3780 1041 3840 1111
1054 3777 1234 3841 inferiorem.
1255 3777 1387 3840 sortasse

181 3873 283 3936 antem
293 3861 490 3923 Maecenatem
503 3863 659 3940 eignilicet.

267 3949 317 4016 14.
339 3951 454 4008 Serre
474 3953 636 4022 neurus]
660 3967 731 4027 egro
749 3947 859 4007 Sabino
875 3957 1033 4010 contentus
1050 3958 1080 4034 et
1098 3947 1141 4008 ite
1159 3948 1275 4008 beatus.

268 4055 317 4119 15.
339 4051 547 4111 Tnnnrrnn
574 4069 663 4108 oras
690 4049 773 4130 ore]
802 4050 833 4108 id
861 4059 923 4128 est,
951 4049 1030 4112 diem
1056 4049 1120 4110 dies
1144 4051 1274 4132 excipit,
1302 4049 1387 4110 diem

178 4133 354 4197 hesternum
370 4135 535 4196 hodiernus
551 4135 677 4216 expulit,
694 4134 874 4196 hodiernum
889 4138 1021 4196 vicissim
1037 4135 1186 4195 orsatinus
1202 4135 1388 4197 exturbabit.

181 4221 350 4301 Significat,
371 4222 451 4282 vitae
465 4231 586 4282 nostrae
602 4220 788 4281 curriculum
807 4243 870 4282 enee
883 4221 1092 4284 brevissimum
1111 4231 1143 4282 et
1157 4221 1302 4302 temporis
1316 4242 1388 4282 cur-

183 4327 249 4366 nurn
266 4307 462 4368 celerrimum.

270 4416 320 4476 16.
341 4411 555 4480 Novnrona
577 4427 755 4470 runonnr
784 4427 972 4494 rnrnnrna
992 4405 1137 4488 nonar]
1166 4427 1265 4470 novoe
1283 4407 1390 4468 bunne

146 4565 149 4576 ι
183 4493 315 4574 primum
342 4497 548 4578 complentur,
579 4491 685 4556 dende
714 4493 895 4556 decrescunt
923 4505 1013 4576 atque
1039 4495 1193 4556 intereunt
1217 4504 1249 4554 et
1278 4513 1392 4554 rurrue
