2908 5056
110 303 112 308 ,
149 249 215 316 seo
339 295 359 322 ,,
485 207 734 312 :nonum
771 229 992 302 cunnus.

151 413 239 496 ignis
250 429 309 491 est,
330 407 396 474 ideo
412 411 444 471 in
458 409 654 472 aethereorum
669 403 846 492 potestatum
863 407 979 492 templis
991 409 1069 492 ignis
1084 425 1143 487 est,
1164 427 1197 472 ut
1216 409 1354 476 reddatur

151 501 194 560 eis
211 499 373 580 imagosui
390 493 530 579 elementi
558 494 627 556 'Est
648 511 746 574 autent
767 498 797 556 in
818 493 1037 576 impleberis,
1059 499 1111 580 qui
1132 496 1231 556 aether
1249 513 1307 558 est:
1329 513 1354 557 et
1444 505 1445 532 ί

68 607 74 622 ’
130 607 131 616 ’
150 583 324 658 illineretur,
339 605 414 664 quae
427 575 676 663 supro'oerterem‘
686 595 738 643 est.
774 579 858 640 Unde
874 577 909 640 de
919 582 1015 662 patris
1030 583 1127 663 capite
1137 599 1292 664 procreata
1309 581 1355 642 di-

151 669 237 728 citur.
261 668 309 736 Ad
324 666 407 726 ltunc
422 668 523 728 locum
537 667 669 747 pertinet
682 665 759 726 illud
774 665 901 728 Manu.
917 687 956 726 ax
971 657 1062 733 tinto.
1078 667 1116 726 dc
1132 669 1218 746 Lsgg.
1236 667 1279 748 [8,
1293 667 1353 748 20.]

83 753 86 758 ’
153 751 293 833 Virgines
310 749 445 824 Vestales
466 754 498 812 in
520 750 590 811 urle
605 749 793 812 custodiunto
813 753 909 833 ignem
921 749 997 837 foci
1009 749 1127 834 publici
1143 755 1353 834 sempiternum.

149 834 726 1015 'illlitltlllt‘illlllh
740 833 1354 1006 &tilithitilithi

147 1027 253 1068 nomen
270 1019 406 1082 tenemus,
429 1005 588 1088 complexa
605 1010 660 1067 sit:
677 1007 704 1066 ei
719 1004 862 1068 colendae
877 1009 1004 1088 virgines
1016 1010 1166 1089 praesint,
1189 1023 1221 1068 ut
1236 1003 1353 1088 adaigi-

147 1087 208 1152 lent
220 1091 354 1177 facilius
367 1089 410 1152 ad
424 1090 591 1154 custodiam
604 1093 681 1174 ignis
690 1135 699 1168 ,
721 1107 748 1151 et
764 1095 892 1154 sentiunt
908 1090 1051 1170 mulieres,
1074 1095 1106 1152 in
1121 1090 1354 1180 naturasaemi-

147 1180 399 1250 narumomnium
421 1174 506 1236 deum
524 1177 687 1240 castitatem
701 1179 779 1258 pati

234 1267 286 1330 12.
303 1263 502 1323 Inccuuuu
526 1263 634 1335 love]
646 1263 792 1322 incolumi
812 1261 972 1342 Cupitolio,
989 1282 1066 1340 quse
1083 1262 1164 1320 lovis
1181 1269 1245 1322 erat
1259 1260 1352 1322 sedes.
1444 1319 1445 1322 ,

233 1355 283 1414 13.
306 1349 407 1410 Mens
428 1365 604 1408 snovsns
624 1347 787 1428 Rnouct]
809 1371 890 1408 mens
903 1343 1015 1428 Reguli
1029 1349 1079 1408 vel
1092 1347 1268 1428 simpliciter
1286 1367 1353 1407 con·
1397 1369 1401 1381 ·

144 1433 246 1500 silium
264 1433 386 1512 Reguli,
407 1434 457 1494 vel
474 1438 717 1516 περιφοαοεικοῖς
733 1435 874 1512 Regulus.
897 1433 979 1512 quod
997 1433 1140 1514 loquendi
1155 1434 1249 1512 g'cnus
1265 1435 1353 1493 θεοε-

145 1518 189 1578 cis
204 1529 234 1578 et
250 1519 361 1578 Latinis
376 1520 475 1599 potitis
490 1519 578 1579 vuldo
599 1519 742 1591 usitatum
762 1529 815 1578 ost.
828 1519 942 1578 Homer
961 1511 1063 1582 diaco.
1125 1519 1166 1600 [v.
1181 1517 1266 1599 409]
1289 1515 1352 1602 ἱερὴ

142 1605 177 1677 'lc
219 1599 389 1684 ηλεμοίχοιο.
410 1599 515 1668 diaco.
534 1598 572 1684 η’.
596 1602 638 1683 [ο.
658 1602 740 1683 178]
766 1601 847 1684 ἱερὸν
861 1601 951 1684 ulvae
967 1597 1143 1668 Ἆλκινοοιο.
1162 1604 1243 1664 idem
1268 1606 1304 1666 ίλ.
1318 1599 1352 1686 y'.

147 1607 297 1770 [veh]
323 1684 476 1772 Πριάμοιο
497 1691 558 1773 βίη.
574 1689 611 1752 ίλ.
624 1683 662 1750 o‘.
681 1689 724 1770 [v.
739 1695 826 1763 807.]
859 1689 987 1752 Αἰνείαο
1004 1691 1057 1770 βίη
1075 1687 1227 1774 Τρώεσσιν
1241 1683 1353 1766 ciuiles.

146 1771 270 1836 Hesiod.
284 1773 436 1852 Theogon.
455 1776 501 1854 [v.
513 1781 598 1849 ὁδὶ]
620 1767 706 1838 'Alite'
721 1774 735 1837 ἒ
750 1777 783 1849 ἲς
798 1768 946 1856 ἐδάμασσε
958 1775 1028 1855 βίης
1044 1773 1253 1856 Ἡρακληείης.
1270 1775 1353 1835 Pind.

147 1857 261 1940 [Pytn]
284 1860 341 1922 sii·
360 1855 383 1932 ς’
403 1859 482 1942 [35]
520 1859 701 1929 Μεσσανίού
723 1857 756 1922 δὲ
778 1859 917 1943 γέροντος
936 1865 1112 1933 Δοναθεῖσοε
1134 1855 1227 1944 φρήν.
1251 1861 1352 1942 Eurip.

145 1943 300 2006 Phoenica.
315 1945 354 2021 [v.
364 1945 440 2027 55.]'
451 1939 617 2022 Ἐτεοκλέα,
631 1941 755 2026 κλεινήν
768 1969 799 2008 τε
815 1945 1020 2020 Πολυνείκους
1034 1948 1114 2026 βίον.
1130 1947 1271 2026 apollon.
1287 1942 1353 2029 iay.

147 2023 186 2098 u'.
205 2030 249 2110 [V.
263 2036 324 2118 631
341 2031 380 2092 ol.
398 2033 484 2113 122]
506 2029 581 2114 μέγα
599 2053 630 2094 τε
645 2031 755 2104 σθένος
767 2029 940 2112 Ἡρακλῆος.
965 2031 1203 2094 catu11.dst²et.
1222 2043 1252 2092 et
1267 2031 1352 2096 Thst.

58 2155 67 2170 ι
145 2115 432 2196 nopa[1,x1r‚78.]
472 2112 591 2178 Electae
610 2119 725 2178 iuuenes
743 2111 836 2176 sim'ul
852 2133 878 2176 et
898 2114 986 2178 decta
1009 2121 1216 2199 innuptarum,
1242 2118 1273 2178 id
1297 2127 1352 2194 est,

144 2199 296 2282 innuptas.
313 2203 434 2266 Lucret.
457 2204 510 2264 lib.
527 2209 555 2268 3.
571 2199 612 2283 [v.
626 2201 712 2282 872]
755 2200 919 2262 Democriti
933 2199 1015 2283 quod
1031 2219 1137 2266 sonata
1159 2205 1218 2262 uiri
1236 2217 1353 2263 senten-

145 2287 190 2346 sto
204 2289 300 2368 ponit.
336 2289 411 2354 lbid.
427 2288 469 2368 [v.
485 2285 569 2368 765]
591 2287 730 2350 Nectum
746 2283 851 2346 doctus
864 2288 932 2368 equi
944 2283 1062 2366 pullus.
1079 2306 1169 2366 quarn
1181 2284 1273 2369 fortis
1287 2289 1354 2366 equi

139 2372 195 2430 uis.
233 2371 413 2434 Horonon.
430 2395 488 2434 xu.
510 2373 600 2432 huius
617 2373 667 2434 tib.
690 2369 841 2453 [v.6sq.]
878 2369 1024 2452 Liparaei
1046 2372 1126 2431 nitor
1141 2369 1239 2430 Hebri
1253 2371 1353 2454 Eques

44 2485 49 2510 t
139 2455 205 2534 ipso
220 2447 324 2518 melior
336 2456 572 2540 Bellerophonte.
585 2457 651 2518 ,Od.
666 2479 734 2518 xxt.
749 2455 844 2516 eiusd.
861 2461 902 2530 [v.
917 2463 955 2521 11
969 2455 1028 2536 sq.]
1059 2449 1209 2516 Narratur
1221 2471 1248 2515 et
1258 2457 1353 2538 prisci

107 2537 115 2547 ⁶
139 2543 263 2600 Catonis
287 2541 383 2622 Saepe
406 2565 485 2603 mera
509 2541 635 2603 caluisse
655 2544 756 2604 uirtus.
788 2542 911 2600 0d.11t.
930 2541 984 2604 lib.
1002 2541 1097 2622 1.·[v.
1115 2539 1181 2620 Sti]
1219 2542 1352 2620 Perrupit

139 2623 315 2709 Acheronta
330 2625 496 2688 Herculeus
515 2624 610 2687 labor.
624 2627 710 2706 epist.
724 2627 762 2686 ud
775 2627 889 2686 I'ccium
901 2625 954 2690 lib.
974 2634 1001 2690 1.
1024 2626 1088 2707 [ι2,
1105 2623 1171 2704 Ἆλ]
1205 2621 1352 2706 Empedo-

140 2706 211 2780 cies,
221 2731 261 2769 an
274 2709 408 2772 Stertinii
421 2709 524 2771 deliret
537 2733 669 2772 acumen.
690 2715 790 2792 Salyr.
803 2721 830 2778 1.
845 2713 899 2772 lib.
916 2717 946 2777 2.
965 2711 1006 2792 [v.
1027 2711 1090 2790 72]
1116 2709 1222 2770 Virtus
1233 2711 1352 2790 Scipia-

140 2790 213 2869 dae,
236 2810 263 2854 et
277 2795 358 2855 mitis
376 2791 636 2878 sapientiaaneli.
652 2800 712 2862 Sat.
725 2804 755 2864 2.
772 2799 825 2858 lib.
842 2803 869 2864 1.
886 2796 931 2876 [v.
947 2795 1016 2878 δί]
1032 2811 1129 2858 macte
1147 2795 1264 2854 Virtute
1279 2809 1351 2870 esta,
1444 2835 1445 2848 t

138 2877 1351 3046 nmennuxittzurcoutuntur

1343 3010 1352 3040 ί

138 3045 288 3110 hominem
304 2990 501 3132 pusilentum
517 2989 745 3132 stingienlum.
781 3055 842 3114 Iam
856 3014 900 3112 ds,
911 3054 961 3116 Μ’.
976 3015 1068 3112 Atilio
1084 3049 1200 3130 Regulo
1217 3049 1293 3110 hoec
1309 3051 1352 3110 Μ.

140 3133 219 3193 Tull.
237 3136 294 3198 Off.
314 3143 342 3203 8.
360 3139 428 3218 [26,
438 3133 504 3220 99.]
526 3135 585 3202 Μ’.
597 3137 711 3200 Atilius
722 3137 798 3222 Reg.
817 3163 883 3200 cum
898 3137 1004 3199 consul
1017 3142 1120 3200 iterum
1137 3139 1168 3196 in
1180 3135 1296 3220 Africa
1309 3158 1354 3196 ex

139 3216 257 3280 insidiis
270 3237 375 3304 captus
392 3221 479 3294 esslt,
499 3217 574 3282 duce
588 3222 766 3306 Xanthippo
784 3222 1043 3300 Lacedaemonio,
1067 3226 1242 3304 imperatore
1253 3235 1351 3280 nutem
1444 3271 1445 3282 .

136 3319 224 3386 patre
248 3305 415 3372 Annibalis
436 3303 611 3370 Amilcare:
640 3309 754 3370 iuratus
775 3312 881 3370 missus
902 3324 944 3368 est
966 3305 1009 3368 ad
1037 3323 1188 3383 senatum,
1219 3321 1267 3382 ut,
1293 3305 1354 3366 nisi

139 3385 250 3450 redditi
266 3407 358 3452 essent
374 3393 480 3454 Poenis
502 3393 745 3474 captiuinohiles
763 3392 902 3478 quidam,
925 3392 1031 3455 rediret
1048 3397 1109 3476 ipse
1122 3389 1352 3473 Karthaginem.

138 3469 172 3532 Is
188 3495 255 3535 cum
267 3473 401 3540 Romam
415 3480 554 3552 venisset,
575 3477 715 3540 utilitatis
728 3482 854 3560 speciem
868 3477 1005 3558 uidebat,
1027 3477 1079 3540 red
1091 3501 1166 3554 earn,
1188 3492 1220 3536 ut
1234 3473 1285 3537 'res
1299 3472 1353 3534 de·
1408 3549 1410 3552 Ι

138 3553 253 3640 clarat,
264 3557 389 3644 falsam
407 3561 568 3624 iudicauit:
590 3587 664 3647 quae
680 3563 845 3635 mattulis,
867 3587 984 3624 manere
999 3567 1031 3626 in
1046 3566 1166 3645 patria,
1189 3585 1250 3622 esse
1267 3557 1354 3628 dorni

137 3665 209 3704 sune
225 3669 293 3707 cum
316 3671 430 3726 uxore,
453 3673 520 3710 cum
540 3645 659 3727 lileris3
683 3673 776 3732 quam
796 3649 999 3712 columitatem
1023 3651 1183 3729 accepisset
1203 3649 1236 3714 in
1260 3643 1351 3721 hello,

137 3750 321 3804 communem
339 3735 492 3821 fortunae
511 3731 634 3796 bellicae
655 3733 853 3812 iudicantem,
884 3751 978 3795 tenere
998 3733 1165 3798 consularis
1192 3730 1353 3814 dignitatis

133 3813 272 3898 gradum.
285 3851 330 3864 --
360 3820 398 3880 In
412 3833 543 3880 senatum
562 3821 656 3878 vertit:
678 3819 824 3880 mandata
842 3823 999 3902 exposuit:
1019 3821 1192 3880 sententiam
1211 3842 1247 3878 ne
1264 3815 1354 3876 dice·

14 3928 17 3939 ·
135 3915 196 3976 ret,
220 3907 383 3983 recusauit:
405 3901 549 3988 quamdiu
571 3903 760 3968 iureiurando
777 3905 905 3968 hostium
928 3921 1083 3982 teneretur,
1108 3926 1167 3964 non
1182 3927 1242 3964 esse
1257 3927 1287 3962 se
1303 3925 1352 3962 se-

94 4033 97 4038 .
134 4001 277 4048 notorem.
311 3991 419 4074 Atque
435 3987 679 4052 etiam—-rreddi
694 3993 842 4073 captiuos,
865 3993 982 4070 negavit
997 4015 1056 4051 esse
1073 3987 1162 4050 utile:
1184 3987 1256 4050 illos
1270 3987 1354 4046 enim

134 4067 345 4136 adolescenteis
362 4089 460 4136 essert
475 4073 566 4136 honos
583 4072 686 4148 duces,
700 4101 739 4144 ‚se
754 4079 813 4136 iam
830 4076 999 4160 confectum
1015 4089 1167 4136 senectute.
1181 4075 1264 4135 cuius
1280 4095 1353 4133 curn

109 4163 115 4174 “
132 4155 273 4236 valuisset
290 4163 477 4237 auctoritas,
499 4159 610 4242 captivi
629 4161 731 4221 retenti
744 4177 829 4225 sunt:
851 4165 913 4235 ipse
926 4157 1146 4242 Karthaginem
1163 4155 1268 4220 rediit:
1290 4179 1353 4217 ne-

48 4267 51 4274 ·
131 4265 188 4326 que
198 4269 263 4306 sum
276 4249 394 4307 cordas
407 4247 526 4328 patriae
541 4247 674 4321 retinuit,
696 4269 749 4308 nec
765 4271 894 4310 suorum.
936 4244 1040 4330 Neque
1058 4240 1354 4326 tamen..igncrclat,

131 4351 162 4388 ει
176 4329 219 4412 ad
234 4327 472 4394 crudelissimum
487 4329 596 4392 hostem
609 4345 636 4391 et
652 4327 695 4392 od
706 4333 857 4416 exquisita
872 4329 1021 4415 supplicia
1031 4331 1200 4416 proficisci:
1221 4325 1273 4390 sed
1283 4329 1355 4387 ius-

131 4413 291 4480 iurandum
319 4413 554 4478 conseruandum
573 4415 709 4496 putabat.
756 4417 909 4480 Hactenus
930 4409 971 4478 Μ.
986 4419 1082 4495 Tull»,
1111 4417 1220 4498 quibus
1244 4413 1354 4475 verbis

132 4503 208 4570 nihil
220 4503 412 4586 significutur
430 4504 467 4566 dc
486 4503 614 4586 captivis
626 4503 730 4582 nom„
753 4505 934 4584 quibuscum
948 4503 1212 4586 Karthaginienses
1235 4501 1356 4562 voluc-
