2908 5056
161 233 225 344 aaa
483 263 728 332 ‘uoearu
760 219 983 328 eieurua

109 471 114 490 ¹
166 449 234 518 iae,
254 441 287 502 it
302 449 364 518 eat,
384 439 472 518 Fugit
484 439 587 502 ‘omitia
603 397 717 500 emieur
735 439 822 518 longe
836 437 963 498 amioum
976 453 1151 520 properem.
1193 433 1235 494 At
1245 411 1370 494 'Demo-

92 551 101 568 ‘
163 529 288 590 athenea
302 527 333 586 in
348 527 480 596 oratione
493 525 561 606 arrei
577 521 729 604 στεφάνου
744 524 788 586 ait
805 543 901 604 neque
917 545 999 600 eum,
1022 524 1074 604 qui
1089 529 1300 603 paupertatem
1316 518 1370 578 al-

168 618 226 676 teri
246 611 393 673 maledicti
412 611 479 670 loco
494 611 631 686 obiiciat,
653 631 722 670 aena
738 621 836 672 mente
849 631 922 687 eree,
944 631 1040 690 nequa
1054 627 1130 682 eum,
1154 607 1204 687 qui
1220 609 1266 683 e'o,
1282 603 1372 684 quod

139 737 143 750 ,
169 697 497 772 diritiiaeircuurssuat‚
520 715 583 755 aeae
597 692 880 756 efferatinaoleuter.
906 691 964 778 ipo*
979 693 1035 776 γᾶρ
1057 687 1126 756 oiir’
1146 693 1175 754 εἴ
1193 715 1239 764 τις
1256 693 1372 790 praviter

111 857 118 882 =
168 780 750 946 mmmm
773 773 1374 944 itttz⁶ttrtz³⁹⁰¹attmr

85 962 89 970 ’
129 1021 133 1028 ,
168 889 423 1034 iiiiiii'iiiotqv
443 949 651 1032 θυμοφθόρον
671 891 765 1032 nimbi·
781 911 909 1014 striott’
926 887 1259 1045 ivrrHiarv,’pmeua
1280 939 1373 1040 diora

169 1037 236 1102 oliv
257 1035 377 1102 ἐόντων.
398 1035 429 1096 id
444 1047 506 1112 eat,
529 1057 567 1096 ne
583 1057 725 1118 umquam
743 1045 949 1117 paupertatem
964 1036 1045 1096 vitae
1060 1043 1278 1113 corruptricem
1304 1049 1374 1088 cua-

169 1143 259 1206 quam
276 1121 427 1198 maledieti
443 1122 510 1182 loeo
532 1123 662 1182 obiicere
685 1123 811 1197 audete,
837 1141 904 1180 cum
921 1121 960 1182 ait
982 1121 1108 1182 deorum
1123 1119 1245 1178 donum.
1289 1114 1373 1174 Vide

169 1218 271 1312 annot.
288 1207 327 1294 ad
348 1207 433 1266 illum
448 1207 550 1268 locum
565 1211 663 1286 Satyr.
677 1213 707 1274 3.
728 1207 780 1270 lib.
795 1213 826 1274 2.
847 1203 973 1270 eredidit
995 1209 1097 1288 ingena
1115 1203 1294 1286 Pauperiem
1315 1201 1374 1262 ui-

166 1310 304 1444 umis.
335 1331 648 1458 iorrr'Qorrvra
676 1397 722 1452 er
755 1369 905 1440 aaran
940 1397 985 1436 rr
1014 1371 1125 1452 τιτι]
1161 1374 1205 1432 aie
1229 1371 1319 1450 epist.
1340 1373 1372 1433 1.

170 1465 222 1526 iib.
239 1469 269 1528 1.
288 1462 328 1544 [v.
336 1462 402 1542 46]
420 1461 547 1544 Impiger
558 1473 705 1523 extremm
719 1465 816 1524 curris
830 1479 975 1524 mereator
988 1459 1030 1520 oti
1045 1455 1138 1520 ledor
1148 1456 1207 1518 Per
1217 1477 1301 1514 more
1312 1463 1373 1514 etc.

96 1611 99 1624 ,
172 1560 202 1610 οἵ
218 1551 316 1628 Stlyr·
331 1553 361 1613 4·
378 1547 430 1606 lib.
448 1559 472 1610 t.
493 1553 532 1622 [v.
547 1552 610 1620 29.]
636 1545 700 1608 Hic
719 1545 1093 1628 mutotmerceaeurgerrt'e
1112 1565 1132 1602 o
1153 1537 1270 1602 solem}
1288 1562 1372 1612 eum,

63 1657 68 1672 ¹
170 1649 229 1716 quo
254 1632 427 1732 Vespertirra
450 1645 523 1713 tepet
545 1634 640 1712 regio:
663 1635 734 1714 quin
750 1655 803 1713 per
820 1631 903 1694 malo
918 1653 1058 1714 praecepa
1072 1627 1191 1704 Fertur,
1213 1627 1257 1684 uti
1268 1621 1374 1706 puluis

169 1714 607 1870 comiti}'i'rrbinreb'rraertr
633 1821 733 1860 vrau
759 1821 838 1864 naa.
866 1799 974 1878 Δια]
997 1799 1023 1858 ei
1048 1765 1211 1874 legeremita
1230 1790 1373 1866 arduam,

173 1887 266 1966 magii
286 1886 457 1946 concineret
472 1905 540 1946 cum
557 1885 705 1961 Ηιιίοιῑο,
729 1889 813 1947 cuiue
831 1889 937 1947 ‘veraua
960 1884 1006 1944 itti
1028 1882 1173 1942 notiaaimi
1193 1889 1273 1954 aunt,
1296 1877 1373 1958 [ἔργ.

172 1973 257 2053 987.]
283 1975 346 2052 Τῆς
368 1965 399 2033 δ’
415 1965 523 2052 ἆρειῆς
538 1972 650 2051 ἱδρῶτα
667 1971 736 2034 θεοὶ
753 1969 961 2052 προπάροιθεν
981 1969 1098 2046 ἔθηκαν
1110 1961 1291 2037 Ἀθάνατοι,
1316 1987 1374 2062 ‘⁸¹⁸5

57 2161 62 2176 ,
173 2053 301 2202 “tet
315 2053 505 2202 ebur
523 2044 1373 2216 emmer-st:terrestre

174 2167 234 2288 Hid
250 2163 317 2285 curii
331 2188 432 2286 omnir
448 2163 569 2308 podicea
586 2237 703 2286 veteres
718 2225 795 2286 hauc
811 2228 966 2290 lectionem
982 2221 1193 2304 comprobent,
1216 2217 1290 2278 nihil
1303 2237 1372 2275 mu-

175 2312 301 2372 tandum
323 2331 387 2370 eaaa
408 2320 491 2385 puto.
543 2313 603 2370 Cur
624 2321 723 2372 autem
742 2313 884 2372 virtutem
904 2313 1028 2371 arduam
1047 2305 1201 2386 appellati
1229 2321 1267 2360 au
1287 2299 1370 2378 quod
1439 2345 1440 2348 ι

175 2391 312 2455 bominea
329 2390 437 2464 elea-oa,
458 2390 658 2451 admirabileia
675 2407 703 2452 et
721 2395 915 2471 praestantaia
936 2403 965 2453 et
985 2392 1108 2450 deorum
1122 2388 1244 2448 eimiieia
1266 2385 1370 2458 efficit,

178 2497 215 2536 en
232 2473 315 2554 quod
329 2472 463 2532 difficilia
479 2483 524 2533 aet
537 2485 567 2534 et
586 2477 752 2536 einemulto
767 2480 868 2538 labore
881 2479 920 2537 ad
937 2497 1000 2537 eom
1015 2475 1164 2555 perveniri
1176 2491 1237 2532 nou
1245 2469 1370 2553 potenti

176 2561 460 2642 quam-aententiam
475 2559 613 2638 proiecto
627 2561 721 2620 altera
737 2565 826 2623 lectio
845 2563 937 2642 magia
958 2561 1146 2641 exprimeret.

261 2645 312 2709 45.
334 2643 410 2702 Ver.
432 2663 501 2702 roa
523 2665 561 2702 ru
584 2645 835 2708 Carrrouruar
855 2647 927 2726 ete]
949 2649 998 2708 vei
1014 2641 1369 2724 incapitoiiumaurum,

177 2729 309 2789 omnium
327 2728 474 2788 malorum
490 2730 659 2806 materiem,
678 2721 860 2806 deferamur,
883 2731 1132 2811 quemadmodum
1149 2735 1251 2786 censet
1270 2743 1371 2806 popu-

175 2815 224 2874 lua
247 2813 481 2891 ermentruda,
504 2815 554 2873 rel
574 2815 706 2875 inurere
727 2819 896 2897 proximum
919 2817 1119 2897 proiieiamua.
1163 2813 1221 2873 Sed
1243 2819 1371 2890 quaerat

131 2935 152 2958 ,ι
178 2897 304 2977 aliquia,
326 2915 468 2975 quereum
489 2897 538 2958 bie
555 2900 693 2978 Capitolii
713 2905 824 2962 mentio
841 2901 902 2962 fiat.
930 2901 1047 2962 dicebat
1069 2900 1233 2958 Germanae
1247 2895 1371 2970 Valeria,

177 2991 327 3063 epectaaae
339 2981 493 3042 Horatium
507 2983 558 3043 ilia
576 2993 727 3064 tempora,
750 2989 859 3068 quibua
874 2996 1040 3058 matronae,
1064 2986 1148 3044 Hom.
1162 3003 1227 3064 rep.
1243 2981 1274 3040 in
1289 3001 1371 3041 aom-

176 3065 434 3128 mumdirerimen
450 3067 596 3141 adducta,
617 3071 762 3131 mundum
776 3093 891 3132 omnem
905 3091 992 3130 auum
1006 3069 1179 3130 muliebrem
1195 3069 1224 3126 in
1242 3068 1370 3147 Capito·

176 3151 251 3212 lium
276 3161 511 3234 comportaaaent
530 3163 620 3234 atque
640 3155 678 3214 ad
698 3177 770 3216 uana
788 3155 962 3236 aumtuaque
978 3157 1047 3216 beili
1069 3155 1272 3214 eontulissent.
1305 3153 1369 3229 Ego

178 3237 388 3312 existimabam,
396 3237 560 3318 reapexiase
568 3240 669 3320 potiua
682 3241 719 3300 ad
728 3258 839 3303 morem
847 3251 980 3300 veterum
994 3251 1021 3299 et
1030 3242 1211 3300 Graecorum
1222 3248 1253 3297 et
1260 3239 1369 3298 Homa-

176 3341 299 3382 norum:
329 3323 380 3402 qui
402 3327 558 3402 pecuniam
583 3325 615 3383 in
639 3326 716 3385 iunia
745 3337 776 3387 et
797 3327 916 3406 templis
940 3326 1091 3404 deponere
1110 3335 1140 3384 et
1166 3343 1252 3383 tarro
1283 3323 1370 3400 quaai

176 3409 383 3468 commendare
398 3409 548 3486 ¹solebant,
567 3404 657 3488 itique
674 3413 819 3484 maxime,
842 3431 909 3470 cum
926 3411 1168 3480 rebuatimerent
1181 3407 1369 3470 autdiffide-

87 3525 90 3532 ,
175 3501 242 3552 rent
255 3493 332 3572 auia,
354 3501 389 3553 ut
403 3501 531 3554 teatatur
546 3495 583 3554 tt.
598 3497 715 3556 Tullius
732 3497 782 3556 lib.
798 3503 828 3562 2.
851 3497 888 3556 de
906 3497 993 3574 legib.
1008 3495 1070 3571 [16‚
1085 3487 1148 3574 4’1.]
1165 3495 1216 3554 ubi
1233 3494 1369 3572 loquitur

176 3577 213 3636 de
232 3578 379 3656 sacrilegii
395 3599 506 3657 poena,
530 3599 589 3657 quo
603 3581 671 3639 loco
688 3591 803 3658 narrat,
827 3581 1006 3642 Cliathenem
1021 3579 1184 3660 quendam,
1208 3578 1368 3638 Athenien-

174 3681 251 3736 aem,
274 3664 368 3722 civem
383 3664 550 3741 egregium,
574 3657 646 3724 cum¹
656 3661 745 3724 rebua
758 3667 877 3726 timeret
892 3668 968 3742 auia,
993 3666 1095 3726 Iunoni
1110 3657 1223 3725 Sar'niae
1236 3665 1367 3724 filiarum

175 3745 273 3805 doteia
294 3747 465 3807 credidisse.
509 3749 558 3808 sie
581 3751 672 3826 igitur
690 3751 795 3811 euadat
812 3751 871 3811 hoo
888 3753 955 3810 loco
978 3751 1137 3826 Horatius,
1157 3759 1191 3809 ut
1209 3771 1315 3808 aurum
1337 3760 1368 3809 et

173 3832 300 3910 pecunia
320 3827 469 3892 deseratur
483 3833 513 3894 in
532 3835 727 3914 Capitoiium,
749 3839 773 3894 ai
788 3837 854 3914 quia
874 3837 948 3895 iorte
968 3841 1122 3915 pecuniam
1135 3836 1232 3910 magni
1248 3837 1369 3894 sacien-

173 3917 243 3974 dam
262 3918 418 3990 existimat,
435 3919 516 3996 quod
532 3920 606 3978 iacit
619 3921 746 3996 vulgua:
769 3932 820 3980 aut
834 3923 935 4001 potina
946 3922 976 3979 iu
991 3943 1069 3980 mure
1086 3921 1271 3999 proiiciutur,
1283 3921 1368 4000 quod

77 4003 82 4010 '
172 3999 363 4080 philosophia
382 4003 471 4075 magia
489 4005 643 4082 probatur.
689 4007 771 4065 Licet
792 4007 880 4064 etiam
898 4005 1013 4080 dicere,
1035 4007 1112 4066 veile
1129 4005 1282 4063 Horatium
1306 4025 1369 4064 au-
1440 4013 1441 4030 ¹

142 4091 147 4100 '
172 4091 241 4145 rum
262 4085 292 4144 in
314 4085 493 4164 Capitolium
511 4091 625 4166 portari
647 4091 695 4150 vel
713 4091 751 4149 ad
773 4101 909 4150 ornatum
929 4091 1040 4172 templi·
1055 4092 1175 4162 vel‚·ut
1195 4091 1234 4150 ait
1253 4091 1368 4162 donum
1440 4079 1441 4090 ¹

172 4169 237 4244 Iovi
255 4171 420 4250 Capitolino
437 4184 640 4234 conaecratum
655 4197 709 4235 reu
726 4169 881 4254 α’νᾶθημα.
1155 4169 1161 4180 ’

256 4261 308 4322 46.
331 4255 416 4330 Quo
439 4276 592 4318 eeauort
612 4281 741 4320 vocar
764 4261 842 4342 ete]
874 4259 907 4318 id
931 4269 991 4336 eat,
1019 4259 1150 4320 aeeunda
1172 4260 1280 4339 populi
1303 4279 1369 4320 vo-

170 4339 283 4399 luntate
302 4341 561 4438 eeuppprobunte
581 4346 710 4428 populo:
731 4347 790 4421 vel,
813 4345 894 4426 quod
917 4346 1032 4407 mavult
1055 4345 1203 4428 populun,
1227 4365 1317 4425 quam
1334 4347 1368 4404 in

167 4443 249 4486 ΜΕΝ
285 4445 301 4483 Γ
302 4445 381 4486 0110!-

249 4445 305 4602 eps.
333 4527 469 4572 aurora
495 4533 541 4572 er
568 4511 755 4598 murrae]
784 4525 866 4576 reete
887 4513 1008 4594 inutile,
1032 4515 1058 4577 ai
1073 4515 1197 4578 materia
1219 4524 1267 4577 eat
1283 4515 1365 4577 mali.
