2900 5050
172 265 216 356 rs
353 289 356 296 ι
420 246 462 352 J
503 313 505 320 ,
542 181 1030 368 ιιοαιι-ιιιιαιιιιιιιοι

46 467 49 482 ·
173 429 246 512 pab.
261 427 393 510 primum
405 424 439 486 in
455 417 569 501 trium,
586 425 694 496 deinde
707 426 739 486 iu
752 425 895 502 duonum,
918 435 1071 508 postremo
1079 427 1120 490 in
1133 425 1224 490 unius
1235 436 1372 508 poteste-

85 567 93 584 ,
172 517 339 578 tem‘veuit.
359 511 512 572 Surumsit
529 509 577 570 hia
592 514 699 572 satas
714 513 883 594 Pompeias.
906 519 1032 572 conatus
1048 522 1103 589 est,
1120 513 1260 594 rempub.
1281 516 1372 574 toties

171 601 336 680 iugulatam
358 617 394 660 su
422 593 586 678 perditam,
607 597 935 680 praesidiisquestqus
946 597 1134 658 oramentis
1153 589 1216 675 suis,
1234 599 1372 660 omnibus

171 685 340 765 spoliatam,
360 683 521 744 restituere
541 675 631 762 atque
643 684 677 744 in
691 683 860 764 libertatem
878 685 1037 764 pristinam
1051 683 1216 746 vindicare.
1259 680 1374 744 Verum
1445 745 1446 750 ,

172 773 212 832 de
233 773 325 832 Sexto
345 769 490 849 Pompeio
510 767 732 856 fprtassemihil
749 765 802 828 hio
820 769 919 830 dicere
941 771 1056 832 attinet.
1080 770 1119 831 M.
1135 769 1252 830 Brutus
1269 769 1373 847 igitur,
1445 831 1446 852 ρ

81 899 83 908 1
170 847 254 920 vio'to
269 867 298 934 et
316 849 436 914 mortno
460 855 575 929 Cassio,
596 854 636 916 tle
655 855 795 915 libertate
818 856 913 916 altero
932 856 1050 936 proelio
1069 855 1230 916 decernere
1242 854 1372 934 cogitet,
1445 909 1446 916 ι

171 941 326 1018 diuuaclet
340 938 494 1000 Horatius.
523 939 606 1014 Quid
622 941 694 1019 agis,
708 941 748 1001 M.
763 941 868 1018 Bruta,
889 960 942 1002 eeu
956 949 1001 1017 tu,
1024 941 1137 1022 popula
1154 941 1296 1016 Romane,
1314 959 1373 1000 cu-

163 1029 221 1088 =ius
236 1047 269 1088 se
280 1025 431 1091 vindicem
449 1046 484 1086 sc
499 1035 754 1105 propugnatorem
768 1026 808 1087 M.
824 1028 937 1086 Brutus
952 1023 1256 1106 profitetur‘fjnouue
1275 1023 1374 1099 vides,

172 1113 277 1174 Cassio
295 1120 438 1194 superato
457 1121 487 1195 et
510 1112 644 1171 extincto
667 1117 772 1191 totque
791 1111 981 1192 amplissimis
997 1122 1027 1172 et
1042 1109 1218 1172 clarissimis
1229 1109 1304 1169 viris
1322 1130 1373 1180 ea·

124 1225 130 1232 ·
170 1197 242 1260 dem
254 1196 326 1272 belli
341 1195 507 1256 calamitate
522 1197 704 1272 consumtis,
726 1207 794 1257 tuas
808 1191 902 1258 vireis
909 1195 1043 1256 infirmas
1059 1205 1091 1258 at
1105 1195 1271 1273 imbecillas
1285 1195 1374 1254 essel

169 1299 234 1344 non
249 1281 346 1359 rides,
367 1291 408 1357 te,
424 1287 491 1350 cum
512 1283 677 1344 exercitum
691 1281 804 1342 babeas
818 1282 988 1342 mutilatum
1008 1300 1164 1364 parvaque
1186 1277 1257 1340 belli
1273 1279 1374 1340 subsi-

141 1417 146 1440 ,
171 1369 236 1445 dia,
259 1389 328 1428 cum
351 1366 486 1428 civitates
503 1367 575 1426 olim
590 1368 698 1448 populi
714 1369 799 1434 Rom.
816 1368 1011 1428 amicissimae
1029 1359 1080 1427 rel
1099 1367 1152 1426 abs
1166 1375 1197 1426 te
1212 1367 1272 1426 aiat
1293 1365 1375 1440 alie·
1405 1415 1410 1424 .

170 1462 278 1529 name,
301 1453 350 1512 val
369 1452 406 1512 sb
419 1453 596 1512 &versariis
609 1453 671 1518 tois
685 1461 849 1534 occupatae
862 1461 953 1532 atque
969 1471 1148 1536 oppressae,
1169 1451 1222 1511 vel
1242 1449 1376 1529 demque

122 1595 124 1599 .
165 1549 254 1601 metu
270 1538 444 1618 perculsae,
466 1537 703 1600 bellitormnam
725 1559 788 1599 noa
805 1539 878 1600 satia
898 1547 965 1599 tuto
984 1537 1022 1598 de
1038 1539 1154 1616 integro
1174 1543 1301 1610 tentare,
1323 1555 1376 1594 ne-

102 1644 108 1654 ·
171 1643 233 1704 que
247 1643 334 1706 posse
349 1615 589 1683 'adversariorum
596 1636 718 1685 tuorum
728 1623 819 1688 vireis
833 1625 1056 1704 potentiamque
1069 1621 1239 1682 sustinere?
1265 1621 1377 1680 Nullae

171 1707 228 1770 tibi
245 1727 294 1768 res
308 1708 442 1788 integrao
455 1717 539 1778 sunt,
561 1710 644 1770 nulla
658 1709 902 1792 propugnacula,
923 1727 985 1770 non
997 1709 1054 1768 alia
1074 1705 1224 1782 subsidia,
1245 1725 1377 1784 nonno-

172 1801 213 1854 ’σα
233 1793 360 1869 auxilia,
382 1814 443 1854 non
459 1794 535 1854 aliae
547 1793 619 1855 belli
635 1797 758 1874 gerendi
775 1795 933 1859 facultates
953 1803 1135 1876 suppetente
1157 1813 1196 1852 ne
1213 1793 1289 1853 Deos
1305 1789 1375 1870 qui-

173 1877 244 1960 dem
260 1879 340 1940 ullos
362 1875 455 1949 habes
476 1879 534 1939 tibi
550 1879 712 1961 propitios,
734 1899 811 1960 quos
834 1889 957 1960 accepta
979 1879 1068 1940 clads
1081 1880 1190 1939 iterum
1209 1877 1377 1958 implorare

151 1963 291 2046 »possin
326 1945 429 2044 Neque
446 1983 519 2024 vero
535 1975 599 2044 est,
621 1967 712 2046 quod!
729 1967 779 2027 vel
796 1976 917 2026 senatus
937 1965 1106 2054 populique
1130 1965 1215 2025 llom.
1235 1961 1376 2022 nobilita-

76 2075 80 2084 ·
173 2057 250 2122 tem,
271 2049 381 2110 vultui
398 2051 512 2129 generis
530 2051 754 2131 antiquitatem,
775 2052 825 2112 vel
845 2069 965 2126 sonan,
987 2053 1041 2130 qui
1055 2069 1111 2130 pro
1125 2057 1156 2108 ta
1170 2055 1374 2128 propugnant,

175 2133 427 2216 amplitutidinem
446 2154 482 2195 aa
497 2136 642 2199 virtutem
660 2140 768 2212 iactes,
790 2137 841 2198 vel
861 2151 1014 2198 armorum
1034 2133 1261 2215 pulchritudine
1279 2153 1375 2192 auro-

138 2297 141 2312 Ι
175 2239 235 2300 qne
250 2221 395 2298 glorieris.
438 2219 698 2296 Quemadmodum
714 2223 792 2282 enim
808 2222 907 2282 nantis
918 2221 996 2282 nihil
1007 2229 1136 2305 prosunt
1151 2219 1191 2279 ad
1204 2218 1300 2278 tutius
1313 2237 1375 2278 na·
1445 2255 1446 2258 =

174 2305 336 2384 rigandam
359 2307 444 2368 navis
459 2307 572 2369 fractae
587 2317 619 2368 et
639 2317 854 2388 conquassatae
870 2309 1036 2390 pigmenta,
1051 2307 1192 2387 aplustra
1214 2313 1376 2383 neterque

5 2459 12 2472 Ι
176 2399 366 2450 ornamentar
387 2391 547 2482 sio-neque
561 2393 651 2454 debes
670 2404 739 2454 tuae
759 2393 911 2454 nobilitati
926 2393 1050 2453 nimium
1066 2391 1226 2454 confidere.
1270 2387 1377 2462 Quare
1396 2426 1399 2444 ι

98 2546 102 2554 ‚
175 2475 235 2536 nisi
251 2475 390 2560 tamaris
404 2477 553 2538 bellorum
569 2479 705 2544 civilium
719 2479 886 2540 calamitate
904 2477 1040 2538 funditus
1055 2475 1149 2538 deleri
1164 2483 1255 2555 etque
1270 2473 1376 2534 extin-
1445 2473 1446 2480 ’

174 2561 242 2640 guia
263 2579 301 2618 ne
314 2567 346 2620 te
362 2563 453 2622 toties
468 2563 653 2642 proeliorum
666 2564 805 2645 periculo
822 2564 1008 2628 committito.
1051 2562 1122 2622 Sive
1140 2559 1195 2620 illa
1206 2557 1376 2640 superiora,
1391 2559 1397 2568 ’
1445 2571 1446 2592 ¹

175 2663 252 2726 quae
276 2643 420 2708 hactenus
444 2646 504 2708 hac
527 2647 564 2710 de
584 2669 619 2710 re
639 2651 851 2730 exposuimus,
874 2648 912 2709 sd
927 2648 1075 2730 populum
1096 2647 1183 2706 Rom.
1203 2643 1375 2706 accommoss

175 2731 304 2806 deutur,
325 2731 390 2792 sivo
402 2732 440 2792 ad
458 2734 602 2794 Brutum:
623 2755 684 2794 noa
701 2735 844 2796 videntur
858 2733 979 2795 omniuo
995 2731 1126 2814 absurda
1143 2739 1196 2790 aut
1208 2730 1309 2810 inepta
1322 2729 1375 2789 fn-

174 2824 253 2876 tura.
296 2815 390 2878 Bruto
414 2825 513 2878 temen
534 2819 645 2897 magis,
674 2839 765 2900 quam
785 2821 901 2902 populo
919 2821 1004 2878 llom.
1030 2818 1176 2879 videntur
1200 2813 1373 2878 convenire.

174 2899 267 2973 Quo'd
284 2909 383 2974 eutem
403 2903 541 2986 nonnulli
555 2905 683 2980 malunt,
704 2903 784 2966 hanc
804 2903 952 2966 Oden'sd
976 2905 1058 2964 Sext.
1080 2901 1256 2982 Pompeium
1271 2899 1376 2981 perti·-

85 2985 94 2990 “
173 3003 264 3062 uere,
286 2985 449 3072 libertatis,
477 2984 913 3061 consternationem„
939 2987 1141 3048 defensorem:
1163 2987 1253 3068 plana
1273 2983 1310 3045 ab
1335 2984 1374 3044 iis
1445 3021 1446 3036 ο

174 3069 327 3132 dissentio.
372 3073 418 3133 Ad
433 3071 515 3134 launo
535 3073 634 3138 locum
651 3077 817 3157 pertinent,
839 3095 916 3155 qnae
928 3074 1035 3134 scribit
1056 3071 1211 3134 Plutarch.
1230 3071 1262 3130 in
1277 3072 1374 3131 Bruto
1445 3121 1446 3132 ,

69 3147 72 3159 '
175 3153 224 3244 lais
246 3155 365 3238 uerbis,
389 3151 468 3222 'Ait'
489 3155 589 3242 ὥσπερ
612 3157 645 3224 ἐν
668 3161 766 3246 sslolpo
787 3161 937 3242 πηδαλίου
959 3158 1168 3252 συντριβέντος
1189 3155 1274 3238 ἕτερα
1298 3149 1375 3231 ξύλα

65 3261 69 3274 ·
175 3245 364 3323 προσηλοῦν,
385 3243 440 3307 soil
453 3243 685 3326 προσαρμόττειν
706 3245 921 3328 ἕιιιχειροιῖσιν,
944 3239 1002 3308 οὖν
1023 3237 1059 3308 eal
1078 3244 1151 3325 μέν,
1172 3235 1321 3344 &morio
1339 3235 1375 3301 tt

175 3321 343 3408 μαχόμενοι
364 3327 439 3412 πρὸς
460 3327 516 3412 eris
535 3328 654 3413 ppetuu*
683 3325 763 3394 osiaco
786 3335 922 3410 Βροῦτος
942 3329 976 3394 ἐν
999 3323 1128 3410 δυνάμει
1150 3345 1295 3411 morosa,
1319 3323 1376 3388 saal

175 3407 335 3496 μετεώροις
355 3411 527 3498 πράγμασιν
554 3411 611 3480 οὖν
634 3415 710 3498 lius
737 3417 959 3499 ἰσορροποῦντα
984 3408 1160 3498 στρατηγόν,
1189 3404 1375 3494 ἠναγκάζετο

125 3511 128 3520 ’
175 3502 311 3578 χρῆσθαι
328 3493 392 3574 τοῖς
413 3505 564 3578 παροῦσιν
589 3512 647 3564 eto.
670 3501 784 3576 idest,
812 3501 1063 3582 quemadmodum
1086 3501 1119 3560 in
1140 3497 1261 3576 navigio
1284 3496 1375 3556 olavo

176 3583 360 3644 comminuto
383 3595 491 3646 nautae
511 3587 568 3646 alia
587 3587 668 3666 ligna
688 3587 808 3665 affigere
830 3595 922 3666 atque
939 3585 1100 3664 adiungere
1122 3593 1283 3658 conantur,
1312 3601 1375 3641 non
1445 3611 1446 3622 ο

169 3677 261 3749 Ιιὀσῐιι
283 3669 332 3728 illi
355 3671 493 3751 quidem,
520 3671 573 3731 sed
597 3673 773 3732 necomitats
793 3673 894 3732 ooaeti'
913 3680 942 3730 et
965 3671 1091 3732 utilitati
1112 3669 1298 3730 servientes:
1328 3665 1375 3724 ¹sic

56 3757 60 3768 '
176 3749 290 3813 litatus
310 3753 346 3814 in
368 3766 456 3816 tanto
476 3757 612 3818 armabo
630 3767 660 3817 et
682 3757 715 3818 in
734 3757 826 3819 rebus
846 3755 965 3832 arduis,
984 3755 1126 3832 incertis,
1152 3773 1189 3815 ιο
1211 3741 1375 3834 pertin-ba-
1445 3829 1446 3836 ρ

3 3881 4 3898 1
176 3839 240 3911 tis,
266 3855 335 3899 oum
356 3841 463 3902 docem
483 3863 586 3923 parem
609 3863 670 3902 non
695 3841 837 3922 tuberes,
863 3841 1026 3920 cogebatur
1047 3861 1084 3904 eo
1109 3840 1170 3917 uti,
1202 3838 1285 3918 quod
1311 3837 1375 3896 fors

3 3941 4 3950 ¹
95 3945 99 3951 ·
177 3923 337 3984 obtulerat.
381 3926 509 3994 Omnino
525 3928 563 3987 ad
578 3928 665 3988 Bruti
679 3929 799 4010 potins,
821 3947 910 4007 qnam
930 3927 968 3996 ed
987 3929 1069 3992 Sext
1086 3925 1222 4006 Pompeii
1238 3934 1375 4003 tempora

3 4011 4 4020 ’
175 4009 301 4071 videtur
318 4009 393 4071 lsaao
418 4012 662 4092 uespertinum.
705 4011 737 4072 si
753 4013 821 4094 quis
844 4022 943 4072 autem
965 4013 1049 4072 nevis
1071 4013 1189 4070 nomine
1207 4027 1300 4089 remp.
1323 4018 1376 4066 aut

55 4121 58 4136 ·
175 4095 326 4176 populum
346 4097 434 4158 Rom.
458 4095 616 4175 significari
637 4099 799 4171 existimat,
831 4097 915 4177 quod
934 4098 1007 4158 fecit
1032 4097 1113 4172 Quin
1129 4097 1253 4170 ’lienus‚
1282 4093 1375 4154 verba

176 4182 270 4240 totius
288 4181 374 4242 Odae
393 4183 519 4243 fortuma
540 4203 601 4243 noo
621 4183 717 4244 invite
740 4193 913 4262 sequantur.
937 4203 1006 4242 nam
1023 4183 1067 4242 sic
1088 4191 1119 4241 et
1168 4177 1272 4240 uult.
1287 4179 1375 4242 nevis

176 4266 297 4327 nomine
315 4285 412 4348 remp.
428 4277 481 4329 aut
501 4278 583 4328 carte
598 4268 717 4348 reipub.
738 4277 855 4350 partem
876 4268 1023 4346 significat
1039 4267 1127 4348 epist.
1144 4266 1185 4326 ad
1205 4265 1242 4338 Q.
1262 4263 1376 4324 Cornif.
1445 4283 1446 4320 ι

176 4350 230 4410 lib.
245 4357 297 4418 12.
321 4353 542 4434 Quamobrem,
560 4355 604 4412 mi
624 4355 765 4432 Qucum,
787 4351 949 4412 reserenda
967 4353 1128 4418 nobiscum
1145 4362 1173 4410 et
1188 4346 1380 4430 quidemst

174 4439 435 4606 σαφέσι
454 4439 1155 4606 ..mm

442 4569 451 4600 2
825 4569 832 4583 ⁸
1193 4593 1197 4597 .
1271 4565 1278 4578 ¹
1445 4571 1446 4576 ¹
