2874 5050
123 229 188 294 472
419 222 623 289 Housttt
650 218 845 306 uuouott
872 221 1023 288 utute.

11 379 16 398 ’
125 395 277 458 ssueliciis
298 403 422 456 seuam
440 395 488 458 l'ss
509 405 539 458 et
557 395 656 474 uel'ss3
678 391 930 478 quemadmodum
952 393 1091 456 scelsrsli
1110 400 1145 454 st
1167 389 1337 452 isciuorasi

126 491 157 544 et
178 479 284 542 iniusti
303 489 334 542 et
352 479 586 562 intemperantes
599 481 734 544 homines
750 479 812 542 suis
828 473 917 542 iactis
936 501 973 540 sc
993 479 1114 558 llagitiis
1129 479 1177 538 fes
1201 488 1238 540 et
1256 478 1337 538 oetas

125 569 251 628 miscent
272 585 308 626 aa
329 575 514 646 pessulans.
543 567 626 648 qaod
648 577 679 630 st
702 566 846 648 Virgilius
866 565 932 646 ipss
958 563 1115 626 confirmet
1141 565 1216 644 illo,
1250 581 1338 644 quem

148 652 240 714 rotuli
279 653 356 712 loca.
836 655 842 664 '
897 675 904 694 ·

125 673 146 736 P
211 699 261 806 fili.
296 735 408 796 Druse
436 755 545 798 sosas
571 733 667 818 ros]
695 733 768 798 diris
791 735 934 820 precibus
957 755 1014 796 ras
1034 753 1224 816 persequar,
1256 731 1340 792 tim

124 821 213 882 uobis
229 821 387 904 precabor.
410 821 524 882 Tibull.
542 823 615 894 eleg.
630 827 664 890 6.
678 821 733 882 lib.
748 827 779 888 2.
798 821 840 902 [s.
855 821 920 903 58]
945 819 1031 882 Tunc
1046 817 1112 895 etti,
1134 817 1219 892 lens,
1231 839 1341 900 precor

125 905 225 968 diras:
248 908 321 966 satis
335 907 433 968 anxia
446 909 546 986 uiuos,
568 905 700 970 Mauerit
713 929 728 966 s
742 909 818 968 uatis
829 929 902 990 pars
919 919 1134 990 quatacumque
1150 903 1249 964 Deos.

210 997 261 1058 92.
299 993 531 1054 Noarusrsus
570 1011 779 1054 occaecata
810 987 963 1074 susan]
1003 991 1048 1050 sic
1084 989 1222 1050 iniustas·
1260 987 1338 1048 Dida

126 1079 176 1142 lib.
192 1085 221 1144 4.
245 1075 342 1158 [884]
365 1097 397 1138 se
416 1087 564 1138 mortuum
584 1077 711 1138 Aeneam
734 1087 968 1158 persecuturum.
990 1097 1098 1158 sequar
1119 1075 1196 1136 assis
1220 1072 1339 1156 ignibus

126 1159 248 1238 abs'ens,
271 1159 310 1227 Et
333 1183 398 1224 cuns
413 1161 537 1246 frigida
556 1185 635 1224 snare
651 1165 753 1226 snima
772 1161 924 1224 seduxerit
943 1175 1041 1234 artus,
1065 1156 1214 1220 Omnibus
1231 1157 1341 1218 umbra

126 1245 202 1308 iacis
223 1243 330 1326 adera,
355 1243 452 1322 dadis,
473 1245 613 1330 improbe,
632 1249 816 1330 poenamic
833 1247 942 1308 Furias
962 1246 1014 1306 ille
1030 1245 1238 1306 Heracliensis
1257 1245 1341 1324 spad

126 1333 166 1396 ll.
180 1333 264 1394 Tull.
280 1333 318 1392 ds
337 1332 513 1412 suppliciis,
536 1345 603 1393 cum
621 1333 883 1394 moriendum'ism
898 1332 954 1392 sibi
969 1351 1033 1392 esse
1050 1331 1177 1406 videret,
1200 1331 1341 1406 dicebat,

127 1415 171 1498 [r,
189 1416 340 1498 485113]
363 1439 422 1492 non
437 1419 551 1478 testium
570 1415 660 1480 modo
677 1433 826 1492 cateruas,
848 1441 915 1484 cuns
934 1440 978 1478 res
996 1415 1029 1478 V
1027 1417 1099 1478 ersis
1115 1431 1267 1496 ageretur,
1289 1415 1342 1476 sed

127 1515 187 1562 tuns
202 1523 222 1560 a
236 1501 303 1562 Diis
320 1501 464 1563 Manibus
479 1505 676 1564 innocentium
690 1525 802 1586 poenas
817 1501 1082 1586 sceleratorumque
1094 1499 1204 1561 Furias
1225 1503 1261 1562 in
1279 1504 1341 1561 eius

79 1590 85 1601 “
127 1583 270 1648 iudicium
292 1609 352 1647 esse
371 1601 514 1650 uenturas.
531 1589 623 1650 'teleis
642 1589 673 1648 in
687 1589 797 1669 impios
813 1589 837 1648 F
839 1589 919 1650 urias
941 1587 1060 1648 immitti
1082 1586 1202 1664 lingunt
1218 1593 1342 1667 po'e'tee.

127 1671 172 1731 sic
188 1671 266 1732 enim
283 1671 419 1752 loquitur
431 1671 553 1734 Orestes
577 1673 660 1756 apud
680 1673 785 1754 Eurip.
810 1671 843 1734 ia
868 1675 985 1749 Oreste,
1011 1671 1055 1752 [v.
1069 1669 1155 1774 249.)
1182 1662 1208 1734 ai
1233 1677 1342 1752 μᾶτερ,

127 1751 251 1820 ἱκετεύω
278 1773 326 1822 σε·
347 1753 389 1838 μὴ
411 1757 522 1820 ilria'ui
542 1782 594 1839 uos
613 1755 670 1834 scic
696 1753 891 1838 aiusrussasie
911 1755 1213 1840 stulipcnassadeac
1233 1752 1342 1840 stipae.

127 1833 225 1906 Aisus
242 1837 316 1924 γάρ,
339 1835 428 1904 αὗται
444 1845 573 1924 πλησίον
592 1838 771 1924 θρώσκουσί
787 1865 857 1922 μου.
902 1841 1057 1920 Ometer,
1080 1838 1207 1902 obsecro
1227 1854 1282 1918 te,
1305 1863 1344 1903 ue
1417 1888 1418 1920 p

128 1924 201 1988 mihi
215 1925 318 1987 incute
332 1925 464 2007 virgines
482 1929 555 1994 istas
570 1929 647 1990 iscis
665 1937 791 1992 cruenta
809 1936 841 1988 et
856 1925 1040 1988 drsaouibus
1056 1928 1237 2008 implicates.
1267 1930 1343 1988 istae

128 2011 224 2090 enim,
251 2015 327 2074 istss
347 2012 378 2072 ia
400 2034 448 2074 ms
469 2014 599 2076 irruunt.
622 2015 663 2078 u.
684 2013 803 2074 Tullius
826 2021 925 2074 eutem
948 2011 981 2072 iu
1004 2013 1140 2073 aratione
1163 2033 1223 2094 pro
1250 2015 1343 2074 Rosc.

127 2096 270 2157 Amerino
295 2107 324 2158 st
343 2099 376 2158 ia
399 2099 432 2158 1..
450 2099 587 2160 Pisonem
608 2101 651 2160 sit
672 2097 749 2158 lssec
771 2117 834 2158 esse
854 2119 871 2156 e
892 2098 992 2178 pactis
1018 2097 1162 2173 conficta,
1188 2103 1232 2180 [p.
1253 2101 1292 2162 Β.
1311 2103 1345 2162 Δ.

127 2187 180 2258 24,
189 2185 251 2256 67.]
262 2205 359 2242 reuera
373 2197 468 2244 autern
482 2207 564 2244 asua
577 2207 718 2268 quemque
726 2179 839 2264 fraude
849 2197 877 2242 et
889 2203 943 2242 sua
959 2197 1069 2243 terrore
1079 2181 1345 2262 meximeuexori,

129 2287 149 2327 a
161 2267 223 2328 suis
233 2263 324 2327 unalis
337 2267 568 2348 cogitationibus
582 2268 817 2350 conscientiaque
831 2265 925 2338 animi
938 2268 1048 2328 terreri.
1078 2263 1149 2326 Has
1164 2289 1226 2362 esse
1241 2269 1347 2350 impiis

129 2349 267 2408 assiduas
283 2345 515 2434 domesticosque
534 2351 660 2430 Furias,
683 2373 759 2436 quus
781 2347 843 2412 dies
866 2351 1033 2434 nocteisqse
1049 2357 1208 2440 parentum
1227 2375 1348 2436 poenas

129 2430 167 2492 ai
182 2433 280 2508 impiis
291 2429 367 2504 liliis
384 2450 523 2508 repetunt.

214 2517 266 2578 99.
288 2511 389 2570 Posu
412 2531 530 2574 ruere.
552 2533 666 2574 uuus.
688 2517 926 2600 nauseasse]
944 2513 1348 2602 diffitentiediscerpeut,
1425 2559 1426 2564 κ

130 2587 353 2682 ἆίῐεοεεεὼυηῐ,
377 2595 496 2656 diversa
513 2597 626 2676 serent,
644 2595 853 2680 dissipabunt,
876 2610 911 2660 ut
924 2589 1003 2660 inira
1019 2602 1077 2662 Od.
1091 2625 1122 2665 x.
1141 2603 1240 2686 [sm]
1266 2605 1349 2666 Fra-

129 2694 249 2762 ctusque
271 2701 365 2739 eonas
390 2677 522 2766 differat.
551 2678 784 2764 διαφορήσουσι.
813 2683 968 2768 Aristoph.
993 2683 1127 2768 Equitib.
1148 2688 1348 2772 Atapcosiass

130 2759 172 2840 o’,
196 2763 226 2827 si
242 2787 272 2826 ss
290 2761 417 2846 γρύζεις.
441 2767 460 2828 i.
475 2788 499 2825 e.
517 2767 654 2829 differam
678 2779 723 2844 te,
746 2771 771 2830 si
795 2771 868 2850 quid
892 2771 1011 2832 maties.
1055 2767 1137 2834 Nslsil
1159 2787 1263 2837 sutem
1285 2779 1350 2840 tuit

129 2847 283 2908 veteribus
298 2849 358 2908 illis
371 2848 565 2930 horribilius,
589 2873 678 2934 quem
693 2855 876 2935 insepultum
889 2877 1002 2938 eorpus
1018 2859 1143 2918 cunibus
1158 2849 1253 2942 etque
1275 2865 1349 2924 eri-

129 2933 187 2994 bus
204 2933 411 2994 dilaniandum
426 2935 567 3017 relinqui.
605 2937 673 3000 Hac
690 2940 823 3000 minatur
839 2941 971 3019 Hector,
993 2953 1028 3002 ut
1043 2945 1251 3022 gravissimam
1271 2971 1350 3030 poe-

131 3039 218 3096 uem,
240 3019 380 3078 Troianis
400 3018 516 3095 ignavis
537 3023 574 3085 ll.
594 3019 629 3088 a'.
653 3021 696 3104 [v.
712 3031 775 3093 348
789 3025 868 3108 sqq-]
882 3023 940 3091 Ὃν
953 3021 998 3088 'tl’
1021 3023 1062 3090 du
1082 3027 1158 3112 ipsis
1179 3027 1351 3098 insinues

131 3101 350 3183 usaiuisioulls
365 3101 479 3186 νοήσω,
496 3101 601 3170 Airai
620 3110 652 3172 al
665 3104 803 3174 θάνατον
816 3114 992 3192 μητίσομαι,
1015 3108 1089 3178 ου’δέ
1101 3139 1140 3178 νυ
1154 3111 1241 3199 τόνγε
1256 3123 1351 3182 Γνω-

131 3190 180 3252 sol
191 3211 222 3252 ss
235 3191 349 3272 γνωταί
359 3211 390 3252 τε
402 3187 499 3270 πυρᾶς
512 3187 655 3274 λελάχωσι
669 3190 912 3262 θανόπα.Ἇλλᾶ
927 3194 1015 3271 eosic
1028 3193 1150 3280 ἐρύουσι
1163 3199 1225 3284 πρὸ
1235 3201 1350 3280 ἄστεος
1424 3219 1426 3264 t

131 3269 298 3354 η’μετέροεὸ.
321 3275 417 3349 Quem
432 3287 530 3338 eutem
548 3299 602 3358 ego
617 3279 704 3358 longe
723 3282 880 3342 suavibus
897 3283 969 3342 alibi
981 3283 1095 3358 videre,
1111 3286 1226 3349 ibidem
1243 3291 1272 3350 ei
1290 3313 1348 3350 ue-
1425 3349 1426 3380 p

133 3381 198 3420 cetu
213 3361 334 3422 silerem
347 3381 446 3442 neque
463 3383 530 3422 eum
546 3365 708 3446 propinqui
729 3387 827 3446 neque
842 3369 1029 3448 propinquae
1045 3381 1196 3434 mortuum
1213 3377 1352 3436 combu-

133 3456 209 3522 rent,
222 3446 275 3506 sed
291 3447 378 3507 canes
394 3457 462 3510 sule
477 3449 581 3509 urbem
595 3461 729 3510 uostrsus
744 3449 958 3516 dilacerabant.
982 3455 1106 3516 Elidem
1114 3459 1199 3531 lieet,
1209 3463 1349 3522 moriens

135 3531 172 3593 ll.
182 3525 216 3610 χ’.
229 3535 267 3607 [r.
277 3537 339 3600 888
349 3537 426 3613 sqq.]
435 3535 510 3613 petit
525 3535 562 3594 eb
573 3533 685 3596 Achille
696 3537 726 3596 iu
740 3539 861 3598 maximi
875 3535 1012 3598 beneficii
1026 3539 1104 3616 laco,
1114 3563 1150 3603 ue
1165 3565 1198 3605 se
1212 3548 1347 3606 canibus

135 3615 216 3696 apud
229 3619 332 3678 naveis
350 3619 574 3680 dilacerandum
583 3621 733 3701 praebeat,
748 3623 801 3682 sed
808 3624 926 3684 Troiam
941 3625 1040 3704 pretio
1057 3639 1182 3708 accepta
1196 3633 1346 3708 remittat,

134 3709 195 3760 utu
207 3703 281 3762 viris
294 3705 644 3784 matronisque'iroisuit
653 3707 825 3786 sepeliatur.
849 3711 886 3768 ut
896 3692 1031 3778 Prienius
1040 3713 1077 3774 il.
1085 3708 1125 3774 ω’.
1135 3713 1177 3795 [v.
1188 3721 1252 3784 500
1261 3713 1346 3798 sqq.]

134 3785 166 3844 id
190 3797 282 3846 unuut
302 3789 497 3858 extimescens
519 3811 554 3850 ac
571 3791 721 3852 detestans
737 3793 828 3854 sudet
851 3815 906 3874 per
922 3797 1020 3856 medis
1038 3799 1220 3862 Graecorum
1242 3813 1346 3863 castre

136 3869 174 3929 ad
190 3871 426 3932 inimicissimum
446 3873 598 3936 homiuem
616 3877 764 3938 Achillem
786 3882 917 3960 supplex
934 3881 980 3941 irs
1002 3882 1040 3942 sb
1062 3905 1156 3964 eoque
1172 3897 1283 3968 peiere,
1308 3899 1347 3949 ut

136 3955 188 4014 lilii
199 3977 310 4038 corpus
326 3977 413 4101 passu
431 3959 568 4040 plurimis
579 3963 752 4022 muneribus
768 3967 900 4044 acceptis
917 3967 973 4026 sibi
990 3969 1100 4030 reddat
1114 3973 1346 4052 sepeliendiqus

136 4051 314 4122 potestatem
345 4043 431 4103 aciat.
448 4054 479 4104 et
493 4047 634 4126 Elpeum,
650 4043 752 4111 diuae.
763 4043 797 4110 l'.
816 4050 856 4130 [v.
865 4051 974 4132 73qu
994 4073 1072 4114 uuus
1086 4076 1102 4114 e
1114 4058 1204 4118 sociis
1216 4059 1346 4138 Ulyssis,

138 4129 204 4206 qui,
233 4149 301 4188 cum
324 4139 414 4206 potus
437 4129 468 4188 iu
491 4133 623 4193 tabulato
650 4133 848 4194 obdormisset
870 4139 1033 4218 subitaque
1053 4157 1250 4222 experrectus
1278 4165 1345 4203 nou

137 4233 191 4291 per
206 4215 301 4276 scalas
320 4215 523 4276 descendisset
538 4219 590 4282 sed
603 4241 620 4277 s
635 4229 714 4278 tecto
730 4219 871 4302 delspsus
887 4223 945 4282 sibi
962 4225 1096 4286 cervices
1109 4227 1257 4307 fregisset,
1273 4241 1346 4291 orat

140 4297 272 4376 Ulyssem
288 4299 369 4380 apud
381 4299 501 4376 inseras,
523 4323 559 4361 ue
579 4325 610 4362 se
623 4303 805 4384 insepultum
816 4305 950 4388 fletuque
964 4331 1000 4368 ae
1017 4311 1159 4390 lacrymis
1174 4317 1345 4376 smicoruua
1366 4335 1373 4364 ε

138 4395 288 4444 carentem
313 4389 410 4444 iacere
433 4387 578 4464 potiatur,
601 4387 649 4466 his
672 4389 789 4466 verbis,
819 4387 879 4472 Μή
904 4387 940 4476 μ’
968 4389 1153 4477 ἄκλαυστον,
1186 4395 1343 4477 ἄθαπτον,

140 4464 195 4528 iaie
215 4465 326 4532 ὄπιθεν
340 4472 545 4548 καταλείπειν,
569 4477 776 4553 Necessitudo,
799 4474 841 4558 μή
856 4479 904 4543 soi
919 4503 949 4544 ss
963 4485 1049 4546 usas
1066 4478 1183 4567 μήνιμα
1195 4485 1343 4568 γένωμαι.
