2908 5056
145 287 209 354 ece
303 217 307 240 ι
479 229 974 386 Ιαοαατιιωααιαα.
1024 287 1086 306 ”

149 455 232 538 apud
246 455 358 516 inferos
373 473 445 513 suae
457 453 619 534 impietatis
636 455 841 536 sempiternas,
862 475 896 514 ea
907 473 992 532 vero,
1015 475 1092 535 quse
1108 475 1252 536 sponsum
1267 475 1358 516 sunm

149 542 290 617 servavit,
312 539 426 600 meritis
441 549 470 598 et
482 539 670 619 sempiternis
685 541 826 600 laudibus
841 538 979 600 effertur:
1003 543 1044 600 ita
1060 545 1084 600 si
1099 542 1184 622 Lyde
1198 551 1360 618 contuma-

150 629 196 700 cia
213 636 242 686 et
259 626 371 685 duritie
394 645 448 684 sua
466 621 648 684 exanimabib
667 628 832 704 ementem,
855 625 938 688 dabit
951 646 1082 708 poenes,
1104 625 1132 686 si
1153 627 1359 704 miserebitur,

150 711 271 772 leudem
286 711 482 770 immortalem
499 711 692 792 comparebit.
736 761 740 772 .
1123 759 1127 776 .
1156 731 1159 740 ⁴

233 803 284 862 26.
310 815 355 854 nr
379 797 496 859 rnrs'n
518 797 725 874 rmssrrrun]
756 805 786 857 et
806 795 919 856 dolium
945 817 1022 876 aqua
1045 817 1194 871 vacuum,
1217 797 1360 878 quamvis

150 882 268 942 assidue
281 881 451 962 impleatur,
475 893 635 962 propterea
652 880 768 942 scilicet
782 882 864 964 qnod
877 891 1034 964 pertusum
1048 893 1094 944 est
1111 893 1141 943 et
1155 883 1282 944 fundum
1294 903 1360 942 non

148 967 247 1027 habet.

235 1057 290 1119 28.
311 1051 491 1119 Sens'nnn
513 1049 631 1132 serr]
654 1052 702 1111 vel
724 1071 837 1131 poenos
862 1053 992 1129 satalele,
1013 1042 1210 1134 sempiternes
1228 1053 1259 1114 'et
1281 1073 1361 1134 quas

149 1137 231 1199 nulla
254 1154 335 1198 mors
357 1137 396 1194 sit
411 1135 622 1196 tertninetura:
645 1137 695 1197 vel
712 1137 761 1196 dic
784 1139 908 1218 proprie
920 1136 1006 1222 fota:
1027 1161 1093 1201 sero
1110 1149 1209 1200 autem
1228 1149 1359 1221 propter

47 1292 52 1306 ,
79 1289 84 1302 ,
149 1246 201 1301 ea,
225 1235 303 1302 qnae
318 1221 462 1301 deinceps
476 1233 662 1308 sequuntur,
683 1233 719 1282 ut
732 1223 849 1282 iauriem
865 1223 1008 1302 dicemus.

233 1313 284 1372 29.
308 1305 417 1378 Quia
447 1327 604 1366 urrann
634 1327 779 1366 usuras
809 1313 953 1382 erran]
982 1309 1051 1382 Quo
1070 1309 1221 1370 reseratur
1244 1318 1360 1388 etquo

148 1389 370 1474 pertinestboc
391 1391 539 1474 quee‚,sd
560 1393 727 1472 puellasne,
751 1415 788 1452 an
810 1391 947 1470 adlata,
968 1415 1029 1454 non
1050 1395 1148 1455 cuivis
1171 1405 1278 1456 notum
1301 1405 1359 1456 est.

149 1480 181 1550 Si
201 1477 238 1538 od
253 1475 384 1558 puellas,
406 1477 449 1535 sic
466 1477 609 1538 videntur
623 1477 698 1538 baec
712 1478 803 1538 verba
820 1471 999 1558 explicandi
1017 1489 1047 1539 et
1059 1479 1254 1542 declaranda:
1279 1499 1361 1558 quae

149 1561 380 1644 puelloe‘llsnni
393 1572 513 1650 manent
533 1563 638 1643 culpes
655 1564 742 1624 etiam
759 1564 814 1621 sub
831 1563 927 1624 Orco:
948 1565 980 1624 id
1006 1573 1066 1641 est,
1090 1563 1194 1647 culpas
1209 1565 1362 1625 sustinent

149 1647 362 1727 sempiternam
385 1647 519 1706 nondum
539 1658 608 1706 stant
625 1649 714 1728 culpe
729 1647 890 1724 liberatae,
912 1669 966 1708 sen
986 1669 1149 1730 numquam
1171 1651 1260 1730 culpa
1280 1649 1361 1708 libe-

149 1744 273 1806 rantur,
295 1741 331 1792 ut
346 1751 456 1810 poenes
469 1733 613 1792 sufferant
627 1725 832 1812 sempiternus.
875 1734 927 1792 Sin
946 1734 991 1793 ad'
993 1733 1073 1818 suto
1081 1781 1093 1812 ,1
1113 1737 1196 1816 quod
1213 1733 1361 1816 Porphy-

149 1821 195 1879 rio
209 1815 327 1894 innuit,
347 1815 440 1895 idque
455 1817 602 1876 indicauit
625 1817 699 1898 mihi
715 1811 901 1878 Passeratius
924 1827 1023 1898 etego
1044 1823 1136 1899 magis
1151 1821 1265 1901 probo,
1277 1841 1359 1880 sen·

148 1903 242 1966 tentia
258 1901 314 1962 erit
330 1897 443 1981 aperta.
487 1902 554 1962 Hoc
571 1903 647 1962 enim
665 1903 811 1982 significet
826 1903 993 1976 Horatius„
1005 1905 1078 1967 Fato
1092 1907 1181 1966 etiem
1203 1907 1258 1966 sub
1275 1907 1359 1964 Orco

149 1991 255 2069 culpas
269 2007 398 2060 manere,
413 1987 444 2044 id
460 1997 514 2064 est,
529 1998 598 2066 post
613 1998 740 2048 mortem
755 1989 859 2070 culpes
873 1999 1061 2070 exspectare,
1080 1994 1245 2072 nequisse
1260 2000 1361 2052 morte

150 2077 240 2154 culpa
255 2072 344 2154 simul
360 2081 390 2131 et
405 2093 501 2152 poena
514 2073 674 2136 liberatum
690 2073 728 2132 iri
743 2075 882 2134 confidat.
927 2077 1024 2155 Atque
1037 2075 1101 2136 hoc'
1114 2077 1204 2136 modo
1219 2079 1360 2136 loentum
1375 2131 1379 2144 ,

124 2163 214 2242 μεθ
234 2159 407 2217 Ciceronem
424 2157 476 2216 ille
498 2158 690 2234 ostendebat,
712 2158 822 2238 Philip.
838 2167 868 2224 2.
894 2159 936 2240 [5,
953 2151 1016 2240 Ι11.]
1060 2159 1149 2222 Cuius
1168 2160 1286 2245 quidem
1303 2161 1361 2222 tibi

127 2243 266 2324 jutum,
295 2243 385 2300 sicuti
402 2235 435 2300 G.
460 2239 600 2306 Curioni,
622 2257 737 2302 menet:
760 2243 900 2322 quoniam
924 2242 1012 2304 domi*
1026 2259 1093 2305 tuoe
1114 2261 1173 2316 est,
1197 2243 1361 2328 prodfuit

149 2319 270 2402 illorum
284 2305 516 2412 utriquifntoie.
532 2331 562 2379 et
570 2321 608 2385 M.
624 2324 785 2398 Antonium
800 2329 832 2383 in
845 2329 931 2402 epist.
946 2329 1076 2404 quedem
1091 2329 1127 2384 ad
1140 2329 1218 2388 Hirt.
1235 2331 1360 2388 etCscs.

152 2399 262 2462 Sime
284 2403 386 2476 rectis,
420 2417 451 2459 ut
481 2425 581 2483 spero,
610 2405 741 2467 sensibus
769 2421 881 2466 euntem
905 2406 950 2468 aiii
974 2409 1157 2471 immorto'les
1180 2411 1360 2488 adiecerint,

150 2488 246 2546 ninam
262 2481 402 2561 libenterq
414 2487 460 2546 sin
469 2511 515 2544 me
527 2483 725 2570 aliudfntum
739 2505 844 2568 munet,
857 2487 1009 2574 praccipio
1019 2493 1133 2576 gaudia
1145 2495 1361 2578 suppliciorum

150 2583 318 2630 uestrorum.
361 2567 459 2627 Huius
480 2570 572 2648 igitur
589 2572 650 2631 loci
669 2571 744 2632 haec
766 2578 911 2635 sententia
929 2579 1050 2638 videtur
1073 2601 1146 2640 esse.
1190 2581 1275 2655 Quae
1294 2583 1360 2642 sata

150 2661 271 2714 manent
287 2651 394 2734 culpas
410 2661 466 2712 etc.
483 2655 516 2714 id
533 2666 597 2734 est,
617 2668 784 2736 sequuntur
799 2669 828 2720 ct
842 2662 999 2742 excipiunt
1013 2675 1042 2724 et
1060 2676 1235 2746 exspectant
1250 2668 1359 2748 culpas

151 2739 240 2800 etiam
255 2735 338 2818 opud
353 2737 475 2800 inseror.
489 2739 559 2801 vide
573 2763 650 2821 quae
666 2754 767 2804 annot.
784 2745 822 2803 ad
837 2747 1019 2811 dexvrn.
1034 2741 1087 2810 lib.
1107 2760 1135 2816 1.

236 2827 286 2889 33.
308 2820 389 2882 Urs
409 2843 456 2882 nr
478 2827 641 2907 nouere]
665 2829 757 2908 Atqui
772 2829 849 2890 duae
868 2831 951 2891 viros
968 2853 1038 2893 suos
1055 2855 1190 2914 servasse
1203 2837 1358 2912 dicuntur,

150 2907 386 2989 Hypermnestra
407 2917 438 2967 et
459 2909 614 2989 Bebryce,
643 2922 678 2971 ut
703 2913 808 2974 scribit
824 2917 997 2976 Eustathius
1018 2919 1052 2978 in
1072 2924 1295 2982 commentariis
1318 2925 1358 2982 sd

136 2993 274 3072 'Dionys
288 2992 434 3052 Alexand.
458 2995 605 3056 Pindarus
621 3007 720 3058 antem
733 3019 823 3060 unam
837 2999 1103 3082 Hypermnestrsm
1117 3008 1252 3070 nominat
1263 3011 1319 3072 stt.
1335 3011 1357 3071 ἰ.

150 3079 236 3136 Nem.
252 3075 295 3155 [ν.
309 3076 366 3155 10.]
388 3078 492 3158 Neque
505 3101 578 3140 vero
592 3081 825 3164 Hypermnestra
842 3081 965 3172 (iuquit)
978 3100 1106 3150 mentem
1120 3104 1226 3152 erecta
1240 3097 1358 3156 ratione

152 3181 287 3222 aversam
306 3159 423 3238 hebuit,
448 3183 523 3242 quae
538 3171 560 3223 'n
578 3168 733 3228 sororibus
750 3172 812 3229 suis
829 3172 1006 3232 dissentiens
1019 3177 1082 3234 sola
1101 3179 1234 3255 gladium
1245 3179 1357 3258 vagina

72 3262 75 3270 ¹
151 3257 264 3349 tergum
280 3247 473 3327 ebusumque
492 3251 681 3312 continuerit.
719 3253 818 3315 Verba
834 3256 953 3318 Pindari
965 3269 1035 3318 sunt
1049 3260 1133 3338 lraec,
1152 3259 1198 3326 Oti
1211 3259 1239 3325 δ’
1252 3263 1357 3344 Ὑπερ-

151 3347 288 3416 μαηστρα
308 3330 542 3416 παρεπλάγχθη,
564 3331 751 3418 μονόψαφον
772 3339 806 3404 ἐν
823 3347 917 3428 κολεῷ
930 3353 1109 3424 κατασχοῖσα
1127 3349 1225 3426 ξίφος.
1263 3350 1357 3423 Quod

151 3429 250 3478 eutem
265 3417 412 3478 Pindarus
432 3419 511 3482 idem
533 3421 586 3482 ei'd.
610 3416 652 3484 θ’.
669 3431 749 3486 not).
773 3427 968 3506 quadraginta
996 3441 1067 3490 octo
1091 3432 1241 3494 duntaxat
1258 3436 1356 3494 Danai

56 3575 60 3594 Ι
150 3503 227 3562 filias
242 3514 394 3575 numerat,
411 3525 479 3564 cum
497 3505 609 3566 suerint
624 3505 856 3588 quinqnbgintn,
879 3531 937 3572 non
959 3525 1004 3574 cst
1019 3537 1052 3576 ea
1074 3537 1179 3594 cause,
1203 3539 1294 3600 quem
1309 3521 1357 3578 sl-

151 3587 211 3648 lert
224 3589 417 3662 Eustatlrius,
440 3589 510 3670 quia
525 3589 688 3652 duneviris
704 3597 765 3654 suis
779 3599 982 3676 pepercerint:
1005 3601 1057 3660 sed
1073 3602 1143 3679 illa,
1166 3625 1256 3684 quom
1269 3605 1357 3666 effert

151 3675 298 3753 interpres
310 3673 446 3746 Pindari,
469 3675 539 3755 quio
560 3696 627 3736 cum
650 3699 685 3736 eo
701 3681 770 3740 loco
788 3683 936 3742 Pindarus
959 3685 996 3744 de
1015 3685 1143 3748 filiarum
1158 3691 1356 3749 collocanda-

151 3777 218 3817 rum
237 3759 353 3818 ratione
367 3769 396 3818 et
411 3762 477 3836 rin,
501 3781 587 3840 quem
610 3757 730 3824 se‘cutus
753 3777 831 3827 esset
849 3769 988 3844 Danaus,
1011 3772 1172 3852 loquatur',
1195 3775 1272 3836 duae
1294 3777 1356 3835 iam

152 3843 375 3922 quodammodo
394 3845 477 3904 viros
500 3857 586 3906 erant
609 3859 723 3910 nactae.
766 3853 932 3931 Amymone
954 3857 1031 3915 enim
1054 3861 1153 3919 fuerat
1177 3883 1193 3920 a
1214 3863 1355 3941 Neptuno
1379 3877 1386 3882 '

58 3965 62 3977 ι
152 3940 315 4010 corrupte,
341 3929 602 4008 Hypermnestrom
629 3944 727 3994 autem
748 3937 885 4016 Lynceus
910 3935 1163 4025 amabat'ittaqns
1183 3949 1355 4026 Lynceum:

153 4033 242 4094 quam
258 4017 417 4074 ei‘censatn
429 4017 537 4074 iustam
552 4017 647 4079 visam
665 4037 729 4078 esse
748 4025 847 4098 aiunt,
871 4027 1065 4104 quamobrem
1087 4033 1154 4089 viro
1173 4051 1228 4090 suo
1243 4053 1357 4112 parce-

105 4146 110 4154 .
153 4109 216 4173 ret,
240 4119 308 4158 cum
324 4101 524 4179 existimaret,
546 4103 605 4162 sibi
616 4104 648 4163 in
661 4125 697 4164 eo
714 4107 779 4167 viro
797 4110 889 4188 patris
907 4111 1065 4190 imperium
1084 4115 1232 4194 negligere
1250 4119 1357 4194 licere,

154 4177 241 4264 queris
268 4184 326 4244 sibi
347 4205 400 4244 sua
421 4185 485 4266 ipsa
506 4199 613 4267 sponte
639 4190 772 4267 legisset,
804 4215 863 4253 non
888 4217 903 4252 a
923 4207 1009 4276 patre
1030 4201 1197 4279 quaesitum
1218 4201 1354 4264 heberet·

152 4269 247 4327 Etiam
269 4259 329 4328 boc
350 4271 493 4332 traditum
514 4283 573 4349 est,
596 4273 709 4335 iccirco
728 4277 809 4338 illem
829 4301 932 4340 uranus
950 4304 969 4340 e
995 4284 1062 4344 viro
1086 4305 1142 4344 suo
1165 4287 1355 4366 abstinuisse,

153 4355 235 4432 quod
249 4374 321 4415 suae
335 4357 515 4435 virginitatis
529 4359 632 4420 florem
647 4361 685 4420 ab
700 4363 753 4422 illo
773 4363 921 4426 illibatum
941 4377 1032 4448 atque
1045 4369 1188 4448 intactum
1204 4373 1356 4433 retinuis-
1441 4403 1442 4442 i

151 4450 205 4500 eet.
224 4503 227 4514 ¹
249 4441 410 4502 Pausanias
430 4453 528 4502 erstem
547 4444 745 4508 Corinthiacis
762 4461 880 4524 narrat,
903 4451 984 4511 illam
1004 4477 1021 4513 a
1045 4467 1130 4534 petre
1152 4459 1184 4517 in
1206 4458 1354 4520 iudicium
1441 4459 1442 4490 ¹

151 4540 214 4586 esse
238 4531 523 4608 roratam,partim
541 4531 624 4610 quod
647 4531 845 4616 existimaret,
865 4537 977 4617 Lyncei
1001 4541 1127 4604 salutem
1151 4543 1207 4603 eibi
1228 4545 1354 4624 pericu-
1441 4579 1442 4640 ζ
