2884 5044
1162 313 1276 366 xrtt.

63 461 219 534 tannem
239 465 292 532 ac'
307 453 490 553 baleirent,
523 453 734 558 epericulo
758 453 887 532 ruinae
910 479 991 536 non
1012 459 1150 558 procul
1173 461 1235 546 ab·¹

63 577 169 636 ment:
191 567 234 633 ut
260 559 438 648 omitum,
464 557 567 660 quod
590 559 758 661 plerique
784 584 828 634 en
853 559 910 645 his
934 559 985 636 ad
1007 562 1115 640 vitam
1140 565 1235 638 bene

61 685 90 840 pt
107 660 291 840 ”iim
303 661 666 866 ipppitueudantthtpn
696 661 850 784 multum
883 655 1082 844 adipmffii
1109 665 1235 844 νὶἀὲιιι

75 793 142 842 ora
397 793 443 842 er
517 791 536 840 e
621 793 785 844 eos-exet
811 791 868 854 ιο,
1118 795 1157 842 ra
1195 793 1238 844 or

60 870 257 968 voluptatem
287 869 434 948 lectoris
463 793 668 970 iiiaemnt)
705 869 766 946 vix
786 793 1132 972 pullnmqfflreperiai,
1172 872 1239 973 qni

60 999 117 1048 non
142 989 202 1048 aot
234 973 369 1052 aritio
408 973 558 1076 quidem
596 971 895 1076 turpitudineque
926 973 1066 1049 animos
1097 995 1237 1072 avocet,
1302 1065 1306 1083 Ι

59 1073 95 1148 ad
120 1073 288 1153 dautem
321 1096 442 1154 nutem
482 1095 521 1152 et
552 1076 778 1153 honestatem
814 1077 949 1154 excitet
975 1095 1085 1177 atque
1117 1084 1237 1154 acuatr

58 1199 105 1252 aot
124 1205 237 1254 nores
275 1201 470 1281 corruptos
500 1173 671 1256 emendet
702 1201 740 1256 et
771 1179 869 1256 curri
896 1201 950 1256 at:
976 1199 1053 1268 ‚aut
1087 1205 1146 1255 res
1176 1181 1239 1260 vel

59 1301 277 1380 temperanter
303 1281 563 1385 moderateque
595 1285 707 1360 lactas
734 1283 790 1360 vel
805 1207 996 1388 magnifice
1016 1283 1238 1384 fortiterque

59 1405 150 1484 gestas
173 1383 439 1464 immortalibus
470 1385 638 1484 laudibus
673 1390 799 1462 efferat
835 1407 945 1490 atque
978 1385 1033 1464 ad
1051 1387 1238 1498 sempiter·
1354 1399 1357 1412 ‘

59 1514 122 1562 nam
143 1489 357 1565 memoriam
382 1509 587 1566 consecret:
612 1507 675 1566 aut
698 1489 851 1564 illustria
877 1490 1050 1567 virtutum
1076 1491 1239 1590 exempla

59 1591 202 1666 exomni
226 1593 303 1668 auti
332 1591 442 1670 nitate
466 1592 617 1694 repetita
643 1586 754 1669 buius
779 1592 902 1694 aetatis
924 1591 1134 1674 bominibus
1153 1621 1239 1694 sup·
1313 1593 1318 1604 ¹

58 1691 186 1795 peditat:
224 1716 293 1772 aut
378 1695 492 1772 mines
527 1696 753 1774 calamitosos
795 1717 833 1772 et
864 1695 1036 1804 gravibus
1068 1697 1251 1792 sonuum

58 1798 174 1872 casibus
196 1799 350 1876 afflictos
375 1799 510 1875 sol'ctur
535 1817 644 1902 atque
670 1799 825 1876 extollat.
877 1799 979 1890 Quis
997 1797 1238 1900 pbilosopbut

58 1929 193 2000 unquam
224 1901 289 1980 vel
321 1901 543 2000 distinctius,
578 1899 671 2004 quid
707 1901 754 1978 sit
784 1903 918 2000 virtut,
955 1902 1047 2004 quid
1086 1901 1238 2002 vitium,

59 2005 130 2104 qaid
152 1997 281 2102 turp'e,
305 2004 397 2107 quid
421 2004 637 2102 honestum,
670 2001 883 2096 di⁹„utavit:
917 2004 1145 2106 velplanius
1169 2003 1240 2080 ho·
1358 2037 1363 2046 ·

60 2107 132 2182 nesti
154 2107 486 2210 pulchritudinem,
517 2107 699 2184 inhonesti
725 2109 1008 2196 deformitatem
1049 2108 1240 2214 sapientiae
1367 2131 1379 2153 ’

58 2211 116 2284 tim
137 2231 177 2286 et
194 2212 407 2308 utilitatem,
430 2212 656 2313 insipientiae
680 2213 962 2288 imbecillitatem
978 2233 1086 2312 atque
1099 2211 1239 2288 incom-

58 2313 148 2389 moda
179 2314 402 2434 disputando
435 2316 714 2402 demonstravit,
756 2343 866 2417 quarn
899 2315 1083 2390 Homerus
1109 2313 1239 2390 divinis
1285 2369 1294 2388 .

57 2419 119 2490 tuis
149 2419 367 2494 carminibus
397 2439 481 2494 ante
504 2419 709 2524 legentium
733 2419 867 2494 boulos
898 2415 1111 2492 constituit?
1158 2417 1240 2518 quis
1280 2459 1282 2464 ·

58 2517 222 2624 bominum
246 2547 371 2598 mores
396 2541 433 2596 et
456 2542 595 2615 motus,
620 2521 702 2624 quis
717 2517 949 2596 animantium
966 2539 1133 2618 naturas,
1158 2520 1241 2619 quia
1358 2531 1361 2542 ⁴

59 2623 334 2722 subterratum,
366 2627 451 2728 quis
474 2629 591 2699 aestus
617 2629 661 2700 et*
678 2627 811 2700 fluctus
833 2613 1014 2717 marinos,
1047 2623 1128 2723 quis
1154 2649 1241 2700 ven·

60 2751 159 2804 torum
182 2733 309 2826 flatus,
334 2728 415 2832 quis
441 2725 632 2846 navigandi
656 2727 821 2827 pericula
847 2745 1162 2827 tempestatesque·
1176 2725 1241 2800 ad·

60 2857 174 2928 tersas,
203 2831 288 2932 quis
320 2853 525 2932 temporum
555 2851 763 2927 verrentes,
796 2857 888 2933 quas
900 2829 1128 2932 proeliorum
1152 2827 1241 2905 inta-

60 2935 179 3036 ginem‚
205 2935 288 3036 quis
313 2935 461 3010 urbium
487 2933 794 3038 oppugnationes,
822 2935 902 3036 quis
917 2931 1012 3006 scies
1028 2931 1239 3030 instructas,

61 3037 126 3138 quis
146 3039 389 3138 imperatorias
414 3037 582 3134 virtutes,
621 3037 703 3148 quis
735 3039 908 3112 nationem
932 3033 1241 3111 moderandomm

62 3142 266 3236 animorum,
291 3141 372 3260 spuis
401 3141 553 3242 formam
578 3139 673 3216 bene
688 3161 908 3216 tractatarum
929 3138 1133 3233 civitatum,
1159 3139 1241 3239 quia

62 3245 196 3348 denique
220 3271 386 3320 ornatum
405 3269 553 3337 rerum,
577 3269 670 3344 quae
696 3242 766 3318 bac
791 3241 1025 3322 universitate
1051 3241 1242 3316 continen-

63 3365 123 3434 tur,
167 3349 378 3424 varietatem
426 3347 599 3422 illustrius
637 3359 799 3448 unquam
841 3347 1007 3422 Homero
1049 3343 1242 3445 depinxit?

65 3449 145 3538 Quid
168 3473 309 3526 ceteros
333 3469 474 3552 poetas,
508 3448 659 3549 Epiros,
691 3451 860 3554 Lyricoss,
893 3449 1087 3552 Tragicos,
1121 3448 1242 3522 Comi·

64 3581 112 3626 cos
132 3575 342 3656 persequar:
367 3581 523 3654 quornm
549 3553 618 3628 vel'
630 3555 778 3630 nomina
793 3577 1074 3628 commemorate
1088 3551 1242 3653 longum

64 3655 122 3730 sit?
153 3657 215 3734 sed
241 3655 362 3734 temeti
387 3678 565 3760 quantum
599 3681 643 3731 ex
682 3655 833 3758 singulis
861 3655 1054 3758 generibus
1080 3655 1257 3728 fructum·

64 3780 248 3864 quantaque
273 3789 357 3835 cnm
383 3761 565 3860 voluptate
591 3759 828 3834 coniunctum
858 3758 1092 3860 percipiunt,
1113 3757 1178 3858 qui
1202 3757 1242 3832 in
1294 3799 1298 3816 ·

66 3863 167 3938 talium
191 3863 409 3964 scriptorum
433 3863 595 3945 lectione
620 3861 833 3939 versantur?
874 3860 1006 3954 Quidl,
1027 3859 1128 3962 quod
1154 3889 1243 3962 poe·
1319 3857 1336 3876 ‘

66 3981 109 4037 tae
130 3967 349 4068 principibus
375 3987 411 4041 et
444 3967 592 4068 regibus
637 3985 745 4066 atque
771 3964 861 4041 adeo
888 3965 957 4040 diis
981 3963 1242 4058 immortalibus

68 4069 125 4141 cari
146 4071 251 4146 luisse
277 4069 467 4166 dicuntur,
525 4087 565 4144 ut
600 4069 741 4145 Castori
774 4088 810 4144 et
842 4068 982 4146 Polluci
1019 4065 1262 4142 Simonidest·

69 4171 210 4270 Apollini
234 4171 647 4276 Pindarustlolycrati
679 4172 802 4248 Samio
828 4171 1039 4248 Anacreon:
1076 4167 1242 4272 Aeschy-

68 4271 110 4345 lus
131 4296 164 4350 et
192 4276 395 4353 Simonides
424 4275 596 4350 Hieroni:
643 4275 821 4380 Dionysio
858 4275 987 4352 Siculo
1021 4273 1241 4374 Polyxenus:
1387 4267 1390 4274 ’

70 4373 234 4482 Euripides
259 4371 441 4456 Archelao
449 4383 474 4476 Ιι’
507 4379 742 4482 Scipionibus
768 4401 805 4455 et
830 4375 958 4456 Catoni
982 4375 1107 4451 maiori
1132 4377 1267 4450 Enni-'³

73 4505 117 4553 us:
156 4481 316 4587 Scipioni
341 4483 517 4564 Alticauo
543 4483 676 4562 minori
719 4505 759 4580 et
791 4476 915 4562 Laelio
948 4479 1108 4584 Sapienti
1134 4479 1259 4584 Lucis¹
1308 4539 1312 4546 .
