2874 5050
524 201 653 296 0an
697 253 727 296 v.
749 233 899 304 61-67.
1050 287 1052 296 ,
1162 199 1313 324 saon
1351 204 1359 254 ²

65 371 71 378 ’
99 399 203 548 eleusina
224 401 262 480 de
282 401 423 466 Termino
434 403 605 484 notavimus
619 402 710 466 etiam
726 402 876 484 quaedem
890 402 949 466 alis
962 403 1004 468 sd
1020 425 1141 470 carmen
1156 399 1309 474 aieoultre

89 509 134 550 ,tn
147 511 191 550 1*ss-

189 599 241 662 66
263 595 341 657 Van
363 615 517 660 naeuus
537 614 710 656 suerrus
730 593 851 678 aueo]
873 595 922 656 vir
937 595 1061 677 qnidam
1078 561 1305 664 dentitionem:

96 688 163 758 tet,
184 681 378 742 Plutarchum
394 681 473 741 libro
488 680 622 742 secundo
636 685 851 763 συμποσιακῶν
867 681 1005 757 tradere,
1027 701 1129 742 esrum
1142 683 1305 764 pecudum,
1331 747 1333 756 ,
1363 741 1367 746 ,

97 769 282 848 quaelupua
297 767 502 843 momorderit,
525 787 645 828 carnem
662 767 782 847 quidem
794 765 973 828 teneriorem
988 767 1069 844 fieri,
1090 771 1188 828 lanam
1205 779 1305 830 nutem
1355 787 1358 796 ⁴

96 853 270 932 corrumpi,
293 860 331 913 eir
353 839 419 912 hoe'
432 851 558 932 intelligi
570 873 676 932 posse,
699 875 755 914 cur
774 853 917 914 Horatius
933 865 1069 933 ereptum
1085 854 1158 932 lupo
1175 853 1321 916 haedum*

95 935 219 998 dixerit.
269 939 333 1016 Ego
357 937 435 999 haec
456 939 549 998 verba
572 953 698 1019 neptum
721 937 792 1017 lupo
814 959 875 998 non
896 939 1009 998 iccirco
1034 935 1071 1012 ab
1092 937 1217 1012 Horatio
1241 960 1325 1010 esse.
1414 929 1416 940 ’

94 1021 202 1082 addita
217 1031 304 1103 puto,
327 1023 409 1104 quod
425 1022 515 1086 haedi
529 1042 598 1084 cero
612 1045 627 1082 a
643 1024 719 1104 lupo
736 1044 834 1086 moras
853 1025 1046 1098 ait-tenerior,
1068 1025 1121 1084 aed
1136 1033 1305 1105 propterea,
1395 1043 1401 1068 1

95 1104 182 1186 quod
201 1107 308 1168 rustici
326 1118 356 1170 et
372 1119 522 1180 aratores,
545 1129 672 1190 quorum
687 1107 840 1170 hominum
864 1109 956 1168 ritem
977 1109 1154 1182 strictum,
1175 1118 1212 1170 ut
1230 1109 1305 1172 iru-
1344 1162 1348 1172 ,

98 1194 212 1270 gelem,
234 1191 286 1252 hio
298 1194 402 1255 laudet
418 1195 575 1271 Horatius,
597 1216 658 1255 uon
675 1193 763 1256 aliter
784 1204 882 1254 essent
897 1193 1024 1253 haedum
1040 1195 1070 1253 in
1083 1214 1186 1278 cepam
1205 1215 1303 1275 eppo·

93 1277 202 1352 situri,
223 1278 315 1363 uisis
338 1279 413 1362 lupo
437 1279 576 1342 (lentibus
592 1273 744 1362 appetitus
766 1300 802 1338 ac
823 1279 972 1340 laceratus
993 1289 1082 1342 esset.
1104 1279 1201 1340 multo
1224 1281 1302 1342 enim

93 1361 212 1422 malunt
225 1383 352 1443 caprum
368 1365 505 1426 adultum
522 1365 633 1426 habere
646 1367 760 1436 vivum,
783 1385 873 1444 quem
888 1353 1020 1428 lrseduiri
1033 1363 1175 1424 tenellum
1191 1385 1228 1424 ec
1242 1364 1302 1426 de-

93 1447 221 1508 licatum
238 1469 380 1510 comesne.
401 1471 483 1511 nunc
506 1453 621 1526 sutem,
643 1451 838 1531 posteaqusn'r
857 1472 874 1509 a
895 1450 968 1528 lupo
991 1469 1108 1510 morsus
1125 1459 1155 1513 et
1173 1449 1301 1510 fortasse
1425 1448 1428 1458 '

92 1533 272 1593 interemtus
294 1542 354 1609 eet,
377 1537 473 1595 multo
493 1539 586 1595 satius
609 1545 655 1596 eat
676 1556 743 1598 eum
766 1537 842 1618 lupo
868 1545 1004 1614 ereptum
1026 1553 1175 1612 comesse,
1211 1555 1300 1616 quam

67 1661 70 1668 -
94 1618 304 1679 devorandum
319 1619 493 1700 reliquisse:
505 1631 669 1701 praeterea,
684 1620 767 1704 quod
782 1642 798 1681 e
811 1621 876 1700 lupi
893 1620 1029 1680 lancibus
1043 1629 1181 1700 ereptum
1196 1619 1300 1698 edunt,

91 1694 155 1764 noir
172 1703 315 1767 ridentur
328 1726 365 1765 ex
384 1703 498 1766 heedili
514 1726 568 1765 suo
581 1725 716 1782 sumere,
740 1706 793 1766 sed
811 1705 940 1776 alienum
956 1725 1052 1784 neque
1067 1706 1125 1765 iam
1140 1721 1228 1766 auum
1243 1726 1300 1766 ea·

91 1809 166 1870 pere
182 1797 212 1850 et
226 1811 376 1869 apponere
390 1801 420 1852 et
434 1791 478 1852 its
491 1791 529 1852 de
543 1792 628 1850 luero
643 1789 864 1870 quodaminodo
882 1811 999 1850 cenare.
1012 1791 1189 1852 sententiam
1202 1811 1299 1852 meam
1351 1833 1355 1846 .

92 1873 217 1937 adiurat
225 1875 367 1934 Martialis
382 1875 405 1936 l.
415 1881 463 1940 10.
478 1877 510 1935 in
522 1876 743 1956 epigrammate,
754 1875 965 1934 cuiusinitium
975 1874 1161 1954 est,[xr.'vnr,
1173 1874 1297 1956 13⁸qu

89 1957 221 2020 Nuntiet
245 1973 380 2021 eotouom
400 1959 530 2021 Plautiae
550 1971 606 2022 etc
634 1981 672 2020 ex
701 1981 762 2040 quo
788 1980 900 2040 paucos
926 1958 983 2018 hos
1005 1979 1109 2020 versus
1132 1959 1297 2040 proteram,
1365 1995 1370 2006 ·

90 2041 205 2104 Porrus
221 2067 321 2128 onyx,
343 2067 403 2104 uno
416 2059 541 2126 ponetur
562 2042 667 2108 cenula
686 2067 801 2121 menso,
824 2041 951 2104 Haedus
966 2041 1120 2104 inhumani
1138 2059 1239 2125 raptus
1257 2043 1296 2106 ab

91 2151 142 2190 ore
154 2126 219 2209 lupi
228 2172 236 2200 ,
258 2127 297 2188 Et
311 2152 388 2214 quoe
406 2151 464 2190 non
479 2145 581 2210 egeant
595 2127 679 2208 ferm
694 2131 848 2188 structoris
861 2125 982 2208 osellae,
998 2125 1123 2214 Etsobo
1136 2123 1296 2208 fabrorum

87 2215 306 2298 prototomique
323 2211 425 2290 rudes,
445 2211 551 2276 Pullus
565 2211 608 2272 od
627 2212 685 2274 troo
705 2215 839 2296 cenisque
860 2209 954 2272 tribus
970 2213 1030 2271 iam
1044 2235 1137 2294 perna
1154 2228 1295 2293 superstes
1324 2260 1328 2268 .
1395 2275 1398 2290 ,

90 2295 247 2376 Addnnr,
269 2301 379 2359 soteris
392 2301 477 2360 mitio
489 2320 580 2380 pomo
593 2295 674 2358 cloto
686 2307 744 2358 etc.
786 2299 1075 2358 l’osnomomecum
1091 2297 1167 2358 iacit
1181 2305 1213 2358 et
1222 2299 1294 2358 Por·

90 2381 202 2463 physio
210 2429 220 2460 ,
242 2381 290 2442 lais
302 2385 408 2463 paucis
422 2384 540 2459 verbis,
562 2381 674 2443 Faetus
684 2359 802 2463 gratini
816 2379 981 2462 expendite.

176 2495 228 2555 61.
257 2509 306 2549 ur
331 2488 478 2570 suver]
501 2509 591 2570 quom
611 2487 752 2550 delectat.
776 2485 820 2562 ὥς
840 2475 918 2568 sitiri,
940 2505 1030 2566 quem
1049 2483 1216 2571 iucundum
1239 2494 1293 2578 eat.

92 2575 336 2656 utpsulloante.
376 2614 380 2620 ·

175 2687 226 2750 62.
247 2665 400 2741 Vineae
421 2699 515 2743 resa.
537 2699 626 2739 vora.
651 2665 752 2764 inm]
775 2667 1015 2754 aicVirg.Alex.
1032 2679 1155 2752 [nmo]
1169 2673 1291 2757 Aspice,

91 2781 192 2826 eruero
214 2769 284 2848 ingo
303 2763 431 2848 reserant
450 2787 590 2847 suspenso
611 2767 734 2828 invenci.
763 2764 977 2846 proiertihunc
1000 2763 1098 2824 locum
1113 2761 1236 2821 Servius
1251 2761 1300 2829 ad,

91 2851 175 2912 illum
194 2850 311 2928 Virgilii
324 2865 454 2910 versum.
1216 2915 1218 2922 Α
1348 2859 1351 2868 ·
1397 2857 1400 2870 ·

174 2941 227 3003 66.
250 2933 538 3014 nurruurners]
561 2931 867 3011 ridenteis„hrlnros,
889 2943 925 2992 ut
939 2953 1007 3014 sup.
1023 2931 1083 2992 ou.
1095 2947 1186 2992 xvrn.
1200 2929 1290 2996 line.

39 3115 42 3126 ,
172 3051 225 3112 67.
248 3041 352 3104 Hauc
373 3063 440 3101 uer
460 3039 656 3125 uocurue]
678 3040 755 3102 nilril
772 3041 1112 3124 ¹sulreusliendumputo.
1133 3037 1218 3116 lingit
1235 3055 1292 3096 eu·
1403 3087 1408 3108 ,

90 3140 150 3191 tem
166 3130 327 3216 auperiora
347 3129 399 3187 illa
420 3128 518 3188 omnia
541 3128 621 3188 dicta
644 3149 709 3188 esse
731 3149 748 3186 a
770 3127 956 3188 faenerslore
973 3123 1083 3204 alphio
1099 3122 1292 3201 ostenditque
1327 3199 1329 3206 Ι

91 3225 202 3276 tentem
226 3236 289 3276 esse
311 3215 392 3274 vitae
409 3213 541 3274 rusticae
562 3213 778 3272 iucunditatem
797 3223 828 3272 et
850 3209 1123 3291 opportunitatem,
1146 3217 1180 3266 nt
1201 3206 1291 3268 etiam

91 3300 226 3361 hominen
243 3300 281 3359 ab
295 3300 353 3359 lrsc
371 3299 542 3363 slieniesinri
558 3299 623 3360 eam
638 3299 762 3358 laudare
780 3307 934 3376 cogeretur,
946 3296 998 3376 qui
1012 3303 1109 3354 tamen
1125 3293 1204 3352 lueri
1217 3292 1290 3351 dul-

92 3387 196 3446 cedine
218 3395 249 3444 et
271 3384 410 3444 sordibus
425 3386 535 3443 irretiti
553 3385 616 3444 eina
636 3387 812 3444 suavitatem
834 3391 954 3459 gustare
979 3401 1038 3442 non
1062 3377 1187 3460 possint.
1208 3398 1289 3436 non-

92 3472 169 3530 nulli
188 3471 372 3530 subaudiunt
387 3469 514 3529 verbum
537 3493 619 3545 sum,
642 3479 677 3528 ut
691 3479 772 3529 totus
788 3467 840 3526 ille
858 3487 956 3526 sermo
973 3467 1012 3524 sit
1027 3471 1143 3544 poetae.
1166 3461 1249 3541 quod
1260 3462 1290 3522 ai

92 3557 206 3638 placet,
228 3555 365 3615 addenda
384 3553 583 3616 distinctionis
600 3563 671 3614 nota
688 3563 757 3634 poet
776 3573 882 3612 vocem
903 3549 1038 3625 Iocutus,
1055 3559 1091 3608 ut
1106 3547 1148 3606 sit
1160 3545 1212 3608 lric
1229 3547 1289 3606 Ho.
1416 3620 1419 3628 ι

91 3644 158 3704 retii
174 3663 288 3716 sensus,
309 3639 390 3702 Haec
407 3641 459 3700 ubi
475 3641 596 3700 locutus
613 3660 696 3715 sum,
717 3638 818 3708 idest,
836 3645 996 3718 postquam
1011 3633 1199 3714 Alpinius-me
1214 3630 1290 3692 lrsec

92 3731 259 3808 loquentem
285 3725 417 3800 audivit,
444 3725 600 3786 homnem
620 3726 775 3807 pecuniam
798 3719 903 3782 lilibus
918 3730 976 3782 etc.
1007 3721 1122 3803 quaerit
1143 3714 1290 3778 Kalendis

90 3837 207 3896 ponae,
230 3813 263 3874 id
280 3823 342 3888 est,
365 3811 528 3885 collocare,
551 3833 657 3890 nempe
671 3811 710 3870 ad
730 3809 879 3898 ingenium
897 3827 982 3866 suum
1000 3805 1118 3864 rediens
1133 3813 1163 3864 ot
1177 3803 1289 3862 oblitus
1317 3796 1324 3810 ⁸

92 3901 212 3960 illorum
230 3898 373 3975 omnium,
391 3917 466 3976 quae
483 3898 520 3959 de
535 3895 676 3964 laudibus
690 3899 769 3954 vitae
789 3895 917 3954 rusticos
934 3889 1011 3950 dicta
1033 3900 1113 3952 eunt.
1158 3889 1289 3962 Quidam

92 3997 203 4060 temen,
225 3995 260 4046 ut
281 3976 354 4042 mihi
374 3983 523 4044 referebat
540 3983 640 4044 Germ.
659 3981 787 4056 Valens,
808 3979 890 4038 lrurrc
914 3975 1055 4055 Alphiurn
1077 3976 1159 4034 aiunt
1178 3973 1311 4034 iccirco

92 4072 128 4132 ab
144 4070 265 4131 Horatio
277 4069 382 4130 induci
396 4068 565 4130 studentem
581 4078 613 4128 et
629 4075 838 4147 properantem
855 4063 997 4122 Kalendis
1015 4060 1173 4140 pecuniam
1189 4059 1290 4118 collo·-

93 4179 176 4230 eure,
200 4177 289 4238 quam
305 4155 438 4217 Idibusa
454 4155 517 4214 auia
529 4153 716 4214 debitoribus
730 4153 885 4228 relegeret,
908 4147 993 4226 quod
1004 4155 1212 4216 vereatur‚,ne
1227 4146 1291 4202 lto-

93 4244 169 4306 rnsui
184 4243 223 4319 ii,
245 4242 298 4323 qui
317 4241 500 4302 sumtuosius
520 4249 550 4300 et
564 4240 750 4300 luxuriosius
765 4239 875 4312 vivunt
890 4233 1002 4313 quique
1023 4251 1160 4292 nummos
1175 4231 1290 4290 alienos

94 4339 241 4410 pascunt„
259 4337 296 4388 ut
321 4326 393 4387 alibi
414 4328 569 4406 loquitur,
590 4325 671 4386 ritae
693 4324 824 4385 rusticae
845 4321 987 4382 laudibus
1008 4313 1118 4378 auditis
1140 4315 1290 4398 luxuriosi
1396 4353 1404 4364 ·

93 4415 196 4476 virere
214 4413 353 4475 desinant
373 4422 404 4474 et
420 4411 538 4474 ascend
558 4411 773 4476 continentiam
789 4421 821 4470 et
842 4409 1044 4487 frugalitatem
1065 4403 1239 4477 conferant,
1262 4411 1292 4460 et

94 4501 134 4561 ito
147 4521 208 4563 nou
221 4499 413 4580 habentium,
428 4499 480 4582 qui
494 4500 616 4561 nomine
630 4497 729 4562 iacere
747 4497 841 4560 vatim
855 4505 886 4556 et
905 4491 1062 4588 pecuniam
1076 4489 1190 4552 faenori
1205 4487 1292 4548 occi·
1346 4539 1350 4553 ,
