2882 5048
364 337 373 354 ,
434 244 859 327 =··oo.nr.·v.1o---ao.
889 249 922 357 J
1207 257 1269 328 aar
1374 275 1376 284 1

68 450 196 511 orymae,
227 429 347 490 Lucam
363 429 497 510 appellnt
512 431 623 492 amaru
633 427 746 515 pabala
761 431 816 494 lib.
828 433 859 496 4.
876 427 918 510 [r.
937 427 1041 510 lobi]
1072 425 1132 490 Sed
1138 425 1273 513 fugitare

68 515 149 578 decet
163 513 326 578 simulacra
337 530 364 575 et
376 513 491 598 pabala
508 518 619 577 amada
631 513 811 600 Abstergere
829 515 880 596 [al.
894 512 1065 608 absterrere]
1079 513 1145 577 sibi.
1180 516 1270 594 Prop.

68 603 205 662 alimenta
224 601 276 661 lib.
291 606 321 666 8·
337 601 401 682 lut,
419 599 461 680 4]
508 598 620 662 Crescit
631 603 707 660 eaba
730 597 847 662 assidue
860 597 1020 681 spectando
1044 621 1117 660 cura
1136 597 1269 682 paellae:
1337 666 1339 672 ¹

67 685 136 768 Jpse
148 685 289 746 alimenta
308 685 367 746 sibi
383 687 519 748 maxima
537 684 656 768 praebet
678 709 773 750 amor.
816 687 889 748 Hor.
914 687 1000 765 epist.
1023 685 1060 744 ad
1077 685 1132 745 lul.
1149 685 1273 746 Florum

67 771 121 832 lib.
137 780 166 838 1.
187 767 317 852 [aaa]
331 769 475 857 jamenta
494 793 632 834 cararum
653 774 786 854 appellat
807 791 947 834 curarum
967 781 1096 848 segetem
1118 790 1154 829 ac
1169 781 1272 857 mete-

67 851 1273 1023 5:353·tltl‘tafttlt.titt*itl‘tl.:tlttt‘s‘ttttr„illiti
1356 935 1360 952 ¹

67 1027 173 1098 bileis,
203 1028 372 1108 planissime
392 1026 607 1106 declarassem,
635 1029 744 1100 miror,
774 1026 910 1088 homines
942 1027 1087 1106 quosdam
1109 1032 1275 1104 κακοηθεῖς

68 1115 158 1173 etiam
179 1110 247 1190 hic,
269 1113 321 1172 ubi
343 1113 405 1172 suia
421 1115 686 1194 perturbatissimis
705 1123 735 1173 et
756 1112 1152 1186 dissolutissimis‘notarum
1173 1110 1274 1192 scopis

67 1199 156 1260 facile
171 1218 273 1259 carere
285 1209 476 1280 poteramus,
497 1198 647 1261 blaterare
663 1219 752 1260 ausos
770 1219 842 1260 esse.
888 1251 892 1255 .
1147 1251 1150 1259 ,
1190 1275 1192 1282 Α

154 1290 205 1352 18.
226 1286 401 1344 [lacunar
422 1305 501 1346 rur.
525 1289 702 1347 Gaurana
725 1285 859 1366 auum]
881 1285 969 1344 locus
985 1292 1041 1358 est,
1062 1303 1130 1344 meo
1152 1281 1273 1364 quidem

67 1369 199 1449 iudicio,
221 1371 440 1451 perobscurus,
463 1393 550 1450 quem
569 1383 600 1433 et
620 1373 725 1452 paullo
746 1381 814 1432 aute
834 1369 996 1452 explanavi
1018 1379 1047 1428 et
1061 1389 1142 1428 nunc
1163 1369 1273 1438 iterum

67 1457 214 1536 explano,
235 1469 397 1516 sarnmotas
420 1456 535 1536 pudor,
556 1457 588 1516 id
613 1467 676 1534 eat}
703 1457 889 1537 impudentia
916 1455 1030 1516 desinet
1059 1463 1174 1514 certare
1203 1471 1273 1513 aum

67 1543 192 1601 aemulis
212 1561 259 1600 me
279 1541 504 1624 superioribus,
527 1543 655 1624 proinde
675 1563 711 1602 sc
733 1545 757 1602 si
777 1544 820 1602 ita
848 1543 943 1616 dicat,
966 1541 1099 1602 desinam
1120 1559 1215 1618 usque
1237 1557 1273 1598 eo
1341 1535 1343 1546 ’

68 1627 326 1707 essefimpudsns,
347 1635 383 1685 ut
401 1625 511 1688 certem
528 1649 596 1688 cum
615 1629 829 1708 superioribus.
870 1625 946 1701 Neai
961 1625 1060 1690 etalib.
1078 1632 1110 1704 1,
1125 1614 1211 1705 epist.
1226 1621 1273 1682 ad

69 1709 174 1774 Claud.
183 1712 341 1788 Neronem,
355 1711 399 1792 [9,
415 1713 478 1792 12]
494 1735 548 1793 per
562 1712 724 1796 depositam
735 1711 876 1793 pudorem
890 1711 1106 1793 impudentiam
1118 1709 1273 1786 significat.

68 1795 177 1880 quodsi
192 1795 362 1877 Depositam
383 1795 491 1858 laudas
507 1800 544 1860 ob
564 1801 654 1860 amici
677 1801 756 1858 iussa
767 1797 920 1879 pudorem.
947 1797 999 1858 'rel
1015 1795 1077 1857 boc
1093 1795 1199 1872 modo,
1221 1794 1272 1854 de-

68 1883 163 1942 sinam
179 1882 316 1962 deposito
332 1881 448 1962 pudore
464 1879 644 1946 coritendere
657 1905 724 1943 cum
738 1883 971 1962 potentioribus,
993 1883 1025 1942 id
1042 1891 1087 1942 est
1097 1928 1105 1956 ,
1127 1901 1188 1940 non
1207 1901 1274 1961 pu-

69 1968 154 2028 debit
168 1987 214 2027 rue
232 1969 290 2026 iam
304 1967 396 2026 finem
417 1958 493 2027 cuni
501 1970 721 2050 potentioribus
740 1967 896 2048 pugnandi
915 1969 1029 2043 facere,
1052 1975 1201 2034 summoto
1216 1984 1275 2045 pu·

70 2051 144 2114 dore
160 2051 292 2112 desinam
309 2053 367 2112 iam
383 2073 451 2124 cum
465 2055 668 2135 superioribus
684 2063 817 2128 certare,
839 2054 942 2127 idest,
965 2073 1024 2112 non
1040 2053 1099 2112 iarn
1115 2073 1162 2112 me
1177 2050 1274 2130 pude-

68 2139 146 2199 bita
162 2139 368 2217 superioribus
386 2139 475 2198 vinci.
498 2141 579 2200 ilde*
614 2141 770 2199 Turnebus
785 2139 873 2202 aliam
887 2139 976 2197 liuius
992 2137 1196 2197 obscurissimi
1213 2135 1274 2198 loci

9 2233 10 2236 ’
70 2225 248 2284 sententiam
271 2243 336 2284 esse
360 2224 577 2302 arbitrabatur,
605 2239 713 2306 nempe
735 2223 830 2300 banc,
853 2223 910 2285 Me
927 2220 1034 2306 priallo
1052 2219 1275 2283 inverecundiae

66 2331 170 2392 geram
183 2331 236 2368 uec
251 2311 294 2369 ita
303 2307 446 2390 pudenter
459 2335 505 2370 me
521 2313 635 2371 amicae
653 2312 849 2379 summittam,
870 2321 904 2367 at
918 2305 1007 2381 soleo,
1023 2307 1076 2368 seri
1087 2331 1152 2366 eam
1167 2329 1274 2387 asper-

70 2394 166 2454 nabor·
186 2391 373 2476 desinuntque
392 2389 501 2458 sectari
521 2398 660 2477 imparem
682 2418 772 2476 nepae
788 2391 995 2454 redamantem.
1043 2395 1177 2474 impares
1197 2393 1274 2454 enim
1316 2461 1318 2468 y

69 2481 102 2540 ia
126 2501 227 2540 amare
248 2477 453 2560 appellantur,
477 2503 542 2542 cam
565 2493 666 2541 matao
689 2502 747 2542 aaa
771 2491 874 2539 amant
895 2491 1027 2538 amantes
1049 2493 1076 2537 et
1097 2499 1163 2538 cam
1188 2475 1276 2536 alteri

70 2565 188 2624 amanti
201 2563 285 2642 [alter
304 2567 398 2624 uicem
417 2589 476 2626 non
496 2564 611 2642 reddit,
634 2580 737 2628 contra
760 2587 825 2624 aum
846 2575 947 2622 mutae
967 2577 996 2622 et
1016 2565 1130 2644 pariter
1147 2563 1275 2622 inter-se

70 2665 192 2719 amant,
212 2671 300 2730 pares
315 2647 462 2713 dicantar.
505 2651 587 2710 llaec
600 2661 670 2712 sunt
681 2649 774 2711 verbe
790 2647 848 2727 viri
863 2647 979 2709 etmihi
995 2647 1164 2708 amicissimi
1181 2657 1212 2706 et
1222 2646 1276 2704 do·

72 2735 205 2795 ctissimi.
228 2733 279 2792 sed
298 2737 428 2814 primum
443 2736 542 2796 carior
553 2746 597 2796 est
608 2737 682 2798 mibi
701 2735 830 2806 amicitia
845 2736 972 2809 veritas,
988 2733 1096 2794 deinde
1116 2731 1275 2812 quantum·
1329 2740 1335 2750 '

70 2819 119 2878 vis
140 2821 246 2878 doctus
268 2822 323 2896 sit,
347 2841 447 2882 errare
464 2830 561 2882 tamen
580 2831 694 2903 potest,
716 2825 751 2880 ut
771 2820 872 2894 bomo.
915 2821 1034 2881 Profert
1052 2822 1168 2882 illerad
1194 2837 1277 2879 coa-

70 2903 247 2966 firmandam
262 2908 437 2968 sententiam
457 2924 541 2968 suam
559 2910 658 2968 locum
676 2929 714 2970 ex
730 2902 788 2974 Od.
805 2925 856 2967 xv.
873 2907 933 2968 hoc
950 2908 1055 2969 eodem
1075 2907 1127 2968 lib.
1149 2907 1195 2991 [v.
1213 2901 1277 2983 ld]

71 3003 99 3052 et
121 3005 238 3072 quaeret
256 2995 350 3054 iratas
367 3015 486 3074 parem,
509 3003 538 3053 et
559 2995 685 3054 alterum
703 3013 743 3052 ex
766 2994 822 3052 0d.
839 3014 952 3058 xxxrrr.
973 2991 1025 3055 lib.
1042 2997 1068 3058 1.
1091 2992 1137 3074 [v.
1157 2997 1201 3059 10
1213 2989 1274 3070 sq.]

73 3077 122 3136 cai
136 3073 238 3154 placet
252 3079 379 3158 impares
392 3075 517 3138 Formas
535 3094 623 3162 atque
641 3083 758 3142 animos
771 3077 824 3140 aab
842 3081 913 3160 iuga
931 3078 1040 3154 ahenea
1055 3075 1148 3145 Saeuo
1162 3078 1277 3138 mittere

73 3183 139 3222 cum
154 3163 231 3222 ioco.
275 3163 332 3223 Sed
349 3163 424 3223 baec
438 3165 574 3244 exempla
597 3165 673 3225 nihil
690 3187 757 3225 eum
772 3167 924 3225 adiuvant.
946 3179 1007 3223 nan
1027 3165 1104 3224 enim
1119 3181 1274 3242 negamus,

74 3247 189 3305 animos
204 3249 332 3327 impares
346 3250 513 3328 significare
523 3251 647 3326 ‚animos
662 3251 826 3312 discordeis
847 3261 878 3311 et
890 3252 922 3310 in
939 3270 1040 3310 amora
1059 3269 1120 3309 nou
1142 3269 1276 3330 respon-

75 3331 208 3408 denteis,
232 3333 284 3392 sed
300 3333 359 3394 boo
375 3335 521 3411 dicimus,
544 3335 707 3416 imparibus
725 3336 865 3397 hocloco
885 3336 966 3395 aliud
982 3335 1157 3412 significare.
1200 3333 1276 3394 Nam

73 3415 203 3497 primam
220 3418 383 3502 imparibus
400 3442 455 3499 per
468 3442 500 3481 se
513 3422 637 3500 ponitur
652 3423 714 3483 sine
732 3423 930 3496 substantivo,
948 3429 982 3480 ut
998 3421 1165 3499 loquantur
1179 3413 1276 3498 gram-
1369 3418 1373 3436 “

74 3503 193 3563 malici:
214 3503 323 3564 deinde
340 3508 365 3564 si
377 3504 437 3564 hoc
449 3505 588 3566 sensisset
604 3499 724 3586 Horati,
746 3509 826 3586 quod
844 3509 894 3566 ille
912 3505 1044 3587 patabat,
1067 3507 1201 3583 dixisset,
1218 3503 1281 3564 De-

74 3589 150 3647 sinet
169 3589 279 3667 impari
301 3605 411 3650 certare
426 3601 483 3652 eto.
504 3613 563 3652 non
578 3601 615 3652 ut
633 3591 682 3652 bic
700 3589 810 3659 desinet
824 3589 1002 3672 imparibus,
1026 3586 1280 3670 quemadmodum
1334 3599 1345 3620 ⁸

8 3675 10 3682 ’
76 3673 133 3731 Od.
146 3693 188 3736 ιι.
203 3675 257 3736 lib.
271 3679 301 3741 4.
318 3671 363 3756 [a.
376 3675 446 3755 31]
489 3676 644 3758 Disparem
663 3681 743 3749 uites.
762 3679 813 3740 aed
830 3678 904 3759 quid
919 3675 1020 3738 multis
1036 3697 1112 3757 opas
1127 3678 1192 3749 eatl
1212 3677 1280 3736 luce

76 3759 186 3818 clarius
201 3769 261 3834 eat,
285 3757 394 3821 borum
409 3763 570 3823 verborum
584 3785 665 3840 eam,
688 3785 777 3845 quam
791 3765 843 3824 ille
857 3763 932 3840 vult,
948 3763 1125 3824 sententiam
1139 3783 1203 3824 esse
1218 3783 1280 3823 nou

75 3865 175 3926 posse,
193 3867 260 3904 cum
276 3851 449 3926 praesertim
465 3851 590 3910 verbum
605 3866 717 3912 car-tare
730 3851 803 3912 satis
818 3849 951 3910 declaret
965 3869 1022 3929 per
1035 3849 1176 3929 impareia
1190 3849 1282 3926 signi·

72 3930 158 3990 ficari
174 3931 306 3993 aemulos
322 3944 352 3992 et
366 3934 567 4008 adversarios,
590 3937 769 4012 quibuscum
786 3937 815 3996 si
830 3934 1007 3996 cenandum
1025 3943 1098 4009 erat,
1116 3946 1176 3995 nor'r
1189 3933 1280 4016 puel-

75 4017 152 4092 lam,
172 4037 261 4094 quam
280 4017 406 4082 amabat.
450 4021 513 4082 Iam
532 4027 567 4081 ut
580 4020 708 4084 dicimus
731 4031 879 4083 certamen
902 4022 1013 4102 impar,
1034 4021 1170 4099 iniquum
1190 4030 1221 4080 et
1235 4021 1280 4080 ia·
1315 4013 1328 4024 “’

77 4103 218 4182 aequale,
240 4103 281 4164 ila
300 4113 329 4165 et
348 4107 556 4168 adversarium
570 4107 715 4190 imparem
731 4117 761 4169 et
774 4108 978 4190 inaequalem,
1001 4109 1066 4170 aive
1080 4107 1280 4186 intelligamus

77 4189 262 4270 superiorem
278 4191 342 4252 sire
356 4189 541 4256 lnseriorem.

164 4279 213 4344 29.
236 4277 306 4338 Uar
326 4297 429 4340 uasa
450 4297 617 4340 suvrana
639 4299 685 4339 ra
707 4277 859 4360 rauna]
881 4287 1078 4362 posteaquam
1093 4285 1125 4338 te
1140 4273 1281 4337 audiente

76 4357 152 4420 lraec
164 4361 344 4422 idcina-eram
359 4383 394 4424 ac
408 4357 587 4446 probaram',
610 4364 662 4426 aba
677 4373 708 4426 te
726 4363 889 4443 dimueua,
902 4363 1038 4426 redibam
1059 4371 1160 4424 tamea
1180 4362 1221 4424 ad
1241 4363 1281 4422 il·
1339 4410 1342 4414 .
1424 4343 1425 4346 Ἴ

78 4447 253 4532 lamentare
267 4459 400 4510 coactas.
441 4470 445 4478 “

164 4538 215 4600 20.
237 4533 373 4596 Iussus
397 4557 510 4598 aerae
531 4537 687 4618 uouuu]
710 4539 805 4598 iussas
818 4537 1013 4619 participium
1030 4559 1047 4598 a
1062 4533 1155 4596 verbo
1169 4529 1280 4611 iubeam
