2894 5052
497 801 977 912 nonnum
1286 927 1291 938 ‚

93 941 145 1136 ἦ
257 1007 763 1123 ιιιιιιιιιιιιιι
823 1009 1103 1142 alcun
1164 1014 1224 1120 ιι.
1290 1019 1293 1031 ’

607 1239 862 1256 Ἥ

137 1311 1094 1432 ιιιιιιιιιιιιιιοιιιοιιιιι.
1161 1349 1354 1429 ouer.
1436 1289 1437 1338 ³

251 1523 425 1577 commentas
441 1527 547 1596 sarepta
570 1528 661 1596 illius,
679 1529 777 1601 quibua
795 1529 865 1583 bella
889 1526 985 1586 civilia
1002 1523 1253 1618 complectebatur.

238 1686 266 1748 1.
294 1631 472 1738 Morum
493 1683 678 1764 ciricum]
701 1685 814 1758 bellum
841 1682 941 1742 civile.
972 1681 1025 1741 sed
1048 1680 1148 1766 aptius
1174 1689 1219 1741 eat
1239 1699 1356 1742 nomen
1436 1713 1437 1718 ι

142 1781 240 1828 motus
255 1777 285 1826 et
300 1763 522 1844 significantius.
564 1769 729 1830 Pollionem
740 1790 825 1850 ,qm
816 1768 1008 1846 ttogoedias
1024 1787 1077 1828 seu
1098 1775 1273 1866 praeteritas
1290 1789 1357 1848 po-

142 1853 204 1912 tius
219 1852 371 1912 scribebat
392 1851 534 1912 debelles
549 1855 707 1932 civilibus,
729 1864 830 1917 monet
843 1854 1002 1929 Horatius
1024 1862 1059 1912 ut
1074 1849 1151 1912 hanc
1167 1853 1356 1934 scripturam
1436 1913 1437 1938 ,

142 1938 291 2018 tantisper
309 1939 502 2014 intermittat,
524 1937 595 2000 dum
610 1942 791 2004 restituatur
812 1943 843 2000 in
859 1941 994 2000 ordinem
1016 1949 1106 2017 atque
1121 1940 1153 1999 in
1174 1959 1261 1999 suum
1281 1949 1357 1998 sta-

141 2033 207 2084 tum
224 2025 367 2106 Respub„
380 2025 438 2100 vel,
460 2034 495 2084 ut
511 2026 560 2088 alii
575 2027 706 2104 malunt
731 2029 804 2086 dum
819 2025 974 2086 historiam
990 2024 1028 2084 de
1041 2023 1145 2085 eodem
1164 2025 1246 2085 bello
1264 2025 1357 2084 civili
1436 2087 1437 2090 ,

44 2127 48 2141 ’
142 2111 482 2191 ordinaperacripserit.
525 2114 600 2174 Erat
616 2115 694 2174 enim
712 2110 854 2174 Pollioet
873 2110 1140 2190 tragaediarumet
1157 2109 1357 2172 historiarum
1436 2125 1437 2192 j

141 2197 282 2277 scriptor.
325 2197 491 2258 Pollionem
507 2209 607 2259 autem
623 2199 847 2278 tragoediarum
862 2218 914 2258 seu
927 2205 1151 2288 praetextatum
1166 2199 1259 2258 luisse
1272 2199 1357 2259 scri-
1436 2247 1437 2258 ,

141 2295 261 2366 ptorem
274 2281 429 2344 declarant
441 2285 493 2345 illa
510 2285 671 2346 Horatiana
688 2288 788 2366 Satyr.
806 2289 857 2356 10.
874 2284 928 2345 lib.
945 2291 973 2348 1.
991 2283 1031 2364 [ι.
1045 2287 1087 2348 42
1102 2265 1159 2364 iq.]
1184 2283 1281 2346 Pollio
1299 2309 1357 2344 re-

128 2393 212 2451 .gum
226 2365 321 2430 Facta
337 2371 420 2430 oanis
431 2369 506 2451 pede
519 2386 564 2430 ter
575 2395 725 2452 percusso
768 2371 852 2430 Idem
867 2369 946 2430 inira
963 2367 1135 2430 hoccadem
1153 2370 1229 2449 Oda,
1246 2370 1290 2451 [v.
1308 2371 1354 2468 9.]

143 2451 292 2518 Paullum
300 2477 412 2515 seuerae
427 2479 513 2536 musa
535 2454 704 2536 tragoediae
718 2455 802 2516 Desit
820 2455 939 2516 theatris
953 2465 1009 2515 etc.
1054 2457 1145 2538 Quod
1161 2467 1259 2518 aulem
1275 2458 1357 2536 qui-¹
1436 2515 1437 2522 ,

47 2535 54 2550 ’
143 2539 212 2600 ‹lam
225 2541 337 2619 alioqui
357 2539 439 2600 doctr
452 2541 635 2616 existimant,
658 2539 842 2622 principium
855 2539 945 2600 huius
964 2541 1021 2603 0d.
1045 2541 1165 2602 Motum
1180 2565 1222 2604 ea
1233 2541 1356 2609 Μιιιῖἶ.
1436 2591 1437 2622 ,

143 2636 201 2689 etc.
223 2623 452 2704 intelligendum
466 2647 530 2690 csse
546 2623 583 2686 (la
600 2625 762 2706 scriptione
778 2626 932 2701 historiae,
955 2626 1029 2685 milri
1045 2625 1236 2708 vehementer
1249 2645 1356 2685 errare

101 2742 106 2766 t
142 2711 304 2786 videntur,
327 2720 358 2770 et
374 2711 476 2786 miror
499 2711 559 2771 hoc
578 2712 619 2770 eia
631 2731 776 2792 umquam
789 2712 820 2771 in
835 2723 963 2773 mentem
979 2712 1082 2772 venire
1099 2712 1244 2812 potuisse.
1275 2712 1382 2795 Nam·
1424 2737 1429 2746 ·

144 2805 176 2856 et
193 2797 353 2854 verborum
374 2805 526 2856 structura
547 2805 578 2856 et
599 2798 743 2857 orationis
773 2798 865 2858 series
886 2794 924 2856 ef
939 2796 1084 2858 sententia
1105 2799 1170 2876 ipsa
1191 2797 1357 2878 perspicue
1436 2855 1437 2860 ,

36 2873 51 2896 “
128 2881 317 2956 'declarant,
339 2879 400 2940 hoc
416 2892 512 2941 totum
531 2882 570 2942 ad
590 2883 764 2962 tragoediae
785 2883 978 2964 scriptionem
1000 2884 1160 2964 pertinere.
1204 2883 1256 2942 sic
1273 2883 1356 2944 enim
1436 2903 1437 2910 ¹

144 2965 307 3028 Horatius:
330 2967 378 3026 Tu
393 2963 489 3028 Pallio
509 2975 621 3028 tractas
637 2979 752 3030 motum
771 2971 892 3029 civilem
909 2991 925 3028 o
942 2969 1062 3029 Metello
1079 2969 1203 3029 consule
1216 2969 1357 3046 bellique
1436 3007 1437 3010 =

83 3111 86 3120 ,
148 3073 253 3112 causas
268 3062 325 3112 etc
333 3053 548 3152 ,periculosae
562 3054 689 3154 plenum
703 3076 780 3136 opus
794 3057 883 3114 aleae
891 3063 949 3114 etc.
974 3055 1138 3114 Intermitte
1156 3049 1268 3137 (inquit
1287 3054 1357 3114 Ho-

146 3097 359 3222 ratiua)1staiu
375 3139 578 3218 scriptionem,
596 3151 626 3200 et
644 3143 707 3200 sine
723 3162 836 3200 musam
852 3142 995 3218 tragicam
1010 3141 1174 3220 paullisper
1189 3139 1357 3200 desiderari

148 3245 166 3284 a
179 3223 318 3284 theatris:
340 3243 414 3308 mox
428 3225 480 3284 ubi
496 3245 566 3284 cum
580 3221 646 3286 aliis
663 3221 850 3286 senatoribus
864 3225 1011 3305 rempubl.
1026 3226 1058 3284 in
1074 3240 1163 3284 ιιιιιιιι
1175 3235 1284 3286 statum
1299 3247 1356 3285 re-

148 3310 291 3386 stitueris,
314 3329 368 3370 seu
381 3311 412 3369 in
427 3311 562 3371 ordinem
575 3311 725 3391 redegeris
741 3323 845 3392 atque
840 3311 1006 3386 ordinario,
1029 3312 1142 3388 grande
1154 3331 1265 3372 munus
1278 3313 1367 3386 rcri-

146 3397 260 3478 ptionis
272 3397 404 3472 tragicae
421 3407 546 3477 repetes.
591 3397 672 3456 Haec
692 3397 765 3460 mihi
780 3397 902 3458 videtur
917 3416 982 3456 essa
1004 3395 1095 3455 huius
1115 3397 1176 3457 loci
1194 3398 1354 3473 sententia,
1436 3399 1437 3408 ’

148 3501 239 3560 quam
268 3482 409 3542 malevoli
433 3482 555 3562 quidam
576 3481 713 3542 homines
742 3493 772 3542 et
796 3483 908 3541 invidia
935 3481 1086 3541 obcaecati
1111 3503 1171 3542 uon
1196 3481 1352 3543 viderunt.
1436 3485 1437 3520 ³

147 3561 269 3626 Servius
285 3567 368 3628 hunc
382 3567 484 3628 locum
497 3569 613 3648 profert
628 3569 667 3668 ad
682 3569 769 3628 illum
785 3567 864 3647 Virg.
879 3567 934 3641 lib.
947 3571 976 3634 6.
991 3567 1113 3628 Aeneid.
1129 3566 1173 3649 [r.
1190 3569 1277 3650 772]
1299 3571 1354 3630 ci-

146 3649 201 3712 otti
216 3667 347 3735 tempora
361 3676 479 3735 quercu.

234 3745 262 3803 1.
291 3758 337 3797 cx
362 3733 831 3819 Mr.ru1.uooonsu1.s]L.
859 3737 976 3816 Afranii
1003 3739 1134 3816 collega,
1163 3737 1392 3818 dequosrc

146 3819 187 3884 M.
202 3821 281 3881 Tull.
302 3823 389 3902 epist.
407 3824 446 3882 ad
462 3825 552 3884 Attio.
569 3823 621 3887 lib.
640 3833 666 3889 1.
688 3819 831 3884 Metellos
845 3837 911 3883 tuus
926 3839 1020 3904 eote
1021 3847 1069 3904 reg
1071 3847 1116 3882 ιιιι
1130 3821 1244 3886 consul
1262 3847 1354 3884 unum

147 3903 340 3989 reprehendo,
349 3906 444 3989 quorl
461 3911 551 3968 otium
570 3935 586 3967 e
602 3905 707 3969 Gallia
725 3929 784 3966 non
803 3909 976 3988 magnopere
991 3911 1122 3968 ιιιιιιιίιιιι
1117 3907 1253 3989 'gainart

234 3993 489 4062 2.lla'1.1.16nr.
512 3991 680 4078 causas]
705 3993 777 4052 belli
791 4013 899 4053 causae
912 3993 1005 4053 verbo
1022 4003 1106 4052 erant
1126 3993 1199 4072 (ut
1190 4015 1256 4074 ipse
1271 3995 1354 4052 Cae-

148 4099 197 4138 aar
210 4075 357 4162 dicebat)
371 4079 487 4155 quod
478 4079 653 4141 intercessio
670 4079 804 4165 sublata,
827 4079 874 4137 ius
895 4079 1084 4138 tribunitium
1100 4079 1260 4156 sublatum
1286 4079 1354 4138 cir

80 4165 83 4176 ’
106 4225 111 4232 ,
149 4167 349 4244 cumscriptus
367 4175 446 4224 esset
460 4163 626 4239 Antonius,
648 4183 753 4223 revera
774 4124 947 4223 dimicandi
971 4165 1121 4244 cupiditas
1141 4175 1170 4224 et
1182 4125 1353 4243 ιιλει1νεξίᾳ

196 4255 266 4314 3.
290 4249 507 4318 Lunirmoua
529 4208 910 4346 Foniuuac]aicsup
929 4249 1034 4308 οι1.ιι.
1054 4249 1108 4308 lib
1128 4257 1155 4314 1.
1176 4251 1291 4310 ballum
1307 4251 1354 4309 lu

152 4291 222 4393 dom
236 4333 339 4392 Martis
355 4335 528 4415 appellavit.
572 4331 635 4393 lam
652 4335 720 4414 quis
736 4335 843 4410 nescit,
860 4332 1050 4394 tartunam
1035 4355 1072 4393 an
1088 4335 1168 4394 bello
1187 4337 1353 4436 plurim-um

150 4413 263 4497 posce?
293 4401 339 4478 Ex
361 4439 422 4500 quo
444 4419 551 4478 dicunt
568 4419 669 4478 Latini
690 4415 760 4478 belli
782 4416 940 4478 Fortunam
954 4421 1099 4500 erperiri,
1121 4440 1175 4482 seu
1196 4422 1304 4482 tentori
1324 4435 1355 4482 et

130 4503 235 4584 'apud
250 4501 394 4584 Ennium,
419 4502 552 4586 Quorum
566 4507 669 4566 ιιιιιιιιι·
685 4501 757 4566 bello
761 4501 894 4589 senuna
904 4506 1046 4588 pepercit
1051 4511 1133 4570 etc.
1173 4553 1184 4562 ,

1436 4805 1437 4848 l
