2894 5052
179 243 269 322 208Ι
385 284 390 300 ¹
487 351 490 358 ρ
562 251 1001 320 ΗΟΜΤΙΙΟΔΕΜΙΝΔ.
1107 279 1110 285 ·

78 495 93 502 q
180 425 270 487 uxori
289 425 425 504 mandat,
448 437 481 486 ut
497 427 554 488 sibi
574 425 740 510 parentalia
761 429 907 506 celebret,
928 429 1109 492 inieriamad
1129 429 1241 490 inieras
1263 429 1379 491 mittat:

180 514 213 574 id
228 535 292 574 non
308 523 437 592 praestat
455 535 542 578 uxor.
585 515 641 575 illo
656 513 770 573 Orcum
787 526 871 592 orat,
893 525 928 574 ut
946 517 1002 576 sibi
1019 516 1055 576 ed
1074 537 1199 578 uxorem
1216 517 1328 578 reverti
1344 517 1382 576 li-

166 609 262 674 caat,
284 597 362 657 hanc
376 599 514 660 iniuriam
535 601 768 679 expostulatum.
788 602 938 682 impetrat.
974 601 1150 662 Corinthum
1166 599 1380 680 proficiscitur,
1405 640 1408 648 ·

181 705 250 746 cunr
267 704 361 742 uxore
377 693 406 746 et
420 686 491 756 suis,
515 695 547 748 nt
563 687 633 744 olim
653 687 778 759 solebat,
801 707 865 746 sese
879 685 1019 764 oblectat,
1041 703 1138 766 neque
1151 687 1210 746 iam
1223 686 1260 745 da
1276 685 1381 746 reditu

180 771 220 829 ad
236 770 347 828 inferos
364 772 485 847 cogitat.
521 771 580 830 Vix
594 771 712 832 tandem
726 775 808 838 senio
824 771 979 832 consectus
992 794 1027 832 eo
1044 772 1179 850 ingratiis
1196 769 1364 832 retrahitur
1371 793 1381 850 3

178 857 221 915 ibi
238 875 344 914 saxum
360 857 483 916 volvere
499 857 634 930 iubetur,
657 879 694 916 ne
711 878 742 916 se
759 856 930 919 subducet
921 868 1089 937 iterumque
1108 858 1146 918 od
1162 877 1287 936 superes
1302 875 1382 936 pro-

178 942 283 1020 fugiat.
308 939 538 1004 Haeciiuatath.
558 941 595 1004 tt.
610 903 641 1016 K.
655 941 752 1024 [adv.
775 941 861 1041 ¹533]
885 944 968 1002 Plato
985 958 1104 1024 qnoque
1124 963 1177 1002 seu
1191 945 1381 1002 Xenocrates

178 1028 280 1111 potius
297 1026 327 1084 iu
347 1025 416 1085 dial
435 1028 503 1108 περὶ
520 1021 658 1090 θανᾶτου
675 1027 748 1086 haec
768 1029 866 1088 omnia
888 1038 978 1108 atque
999 1030 1086 1089 etiam
1108 1029 1195 1131 plura
1216 1037 1382 1103 enumerat,

180 1131 256 1192 quae
281 1109 332 1168 hic
352 1111 457 1173 Horat.
486 1117 595 1194 Χοῖρον
614 1107 749 1192 ἀσεβῶν,
773 1113 824 1176 καὶ
844 1115 1006 1178 Δαναίδων
1029 1111 1153 1194 riderico
1172 1105 1300 1189 α’τελεῖς,
1329 1109 1384 1174 καὶ

95 1233 98 1240 ·
184 1188 340 1260 Ταντάλου
355 1191 467 1276 δήψος,
487 1199 539 1260 καὶ
554 1202 667 1261 Τιτυοῦ
682 1193 844 1280 σπλάγχνά,
864 1199 916 1260 καί
933 1193 1203 1279 Σισύφουτιέιρον.
1247 1198 1305 1268 Alii
1323 1218 1384 1256 au-

179 1293 239 1344 tem
264 1281 400 1342 scribunt
408 1285 604 1363 ,iiqueboni
623 1293 777 1359 auctores,
800 1283 960 1364 Sisyphum
978 1287 1138 1344 muitarum
1158 1283 1384 1362 rerumcogni-

179 1371 262 1428 tione
274 1365 465 1447 praestitisse,
474 1390 566 1450 eoque
576 1371 684 1428 sretmn
698 1370 948 1430 immortalitatem
963 1371 1019 1430 sibi
1033 1389 1207 1450 comparere
1221 1369 1382 1427 studuisse.

181 1455 264 1553 quod
284 1453 441 1512 confirmat
455 1453 621 1531 Theognis,
643 1473 712 1514 cum
728 1457 875 1530 ostendit,
899 1457 990 1516 rebus
1003 1456 1141 1514 erunibus
1160 1455 1278 1514 dititias
1294 1463 1386 1512 ente-

135 1607 140 1616 ἱ
180 1541 273 1620 poni,
297 1542 600 1600 ceteresreaornneis
623 1541 1003 1646 praedivitiispronihilo
1023 1541 1141 1620 putari,
1164 1539 1385 1617 etiamsiquis

181 1625 270 1704 plura
290 1617 413 1704 (inquit)
430 1624 559 1705 Sisypho
576 1626 658 1687 acret
683 1621 854 1688 nisiovud’
870 1627 962 1706 ειδειρ
977 1627 1105 1689 Amison
1117 1619 1268 1730 Σισυφου
1293 1623 1384 1682 Hom.

184 1711 221 1772 n
236 1703 267 1784 K.
285 1707 327 1788 [v.
346 1707 450 1788 153]'’
451 1707 864 1788 ἙνθαδὲΣίσυφοςέσκεν,
887 1709 1070 1791 iinipdeatoc
1086 1703 1184 1792 γένετ’
1199 1703 1328 1791 ἀνδρῶν.
1351 1707 1387 1766 id

183 1807 244 1870 est,
266 1793 436 1854 hicautem
459 1795 604 1896 Sisyphus
628 1807 709 1870 erat,
732 1799 783 1876 qni
806 1798 1002 1856 astutissimus
1021 1795 1180 1856 hominurn
1202 1796 1269 1858 suit.
1301 1793 1387 1854 uude

182 1879 376 1961 proverbium
395 1875 536 1957 Σισύφου
561 1884 708 1962 μηχαναί,
732 1884 814 1960 qrrod
837 1894 961 1964 usurpat
983 1881 1135 1964 Aristoph.
1159 1876 1275 1962 Ἀχιιρν.
1308 1880 1387 1954 (Ae-

182 1965 345 2026 achinaam
369 1975 441 2026 orat
465 1965 534 2042 saepi
551 1970 735 2050 ταραττρεσβ.
756 1967 980 2028 Demosthenem
998 1967 1158 2048 Sisyphum
1173 1966 1304 2048 appellat
1318 1987 1387 2023 nra-

127 2059 130 2066 '
182 2052 384 2128 ledictiloco‚
407 2053 835 2138 υῑοαΙΙίιΙυαιυρνεεεαῑυιη.)
866 2053 1010 2132 [Exedit.
1026 2053 1118 2133 post]
1157 2051 1388 2110 Dehocetiem

181 2137 287 2202 lieret
313 2139 369 2198 od.
384 2159 460 2198 xvir.
480 2137 522 2218 [v.
537 2137 600 2224 68.]
623 2137 711 2262 epod.
745 2137 837 2222 Optat
860 2161 992 2221 suprema
1012 2137 1161 2200 collacare
1184 2135 1324 2218 Sisyphus
1347 2133 1389 2194 In

181 2241 413 2286 mancosorum.

268 2335 576 2403 subsanensis.
601 2333 1211 2412 Quorsum]'srvefertthum,sivc
1237 2331 1389 2394 sterilium

66 2457 72 2476 .
183 2430 215 2480 et
235 2421 441 2480 tantummodo
463 2421 500 2479 ad
520 2423 706 2500 voluptatem
728 2429 758 2480 et
775 2421 898 2480 delicias
898 2430 1102 2500 comparatas
1104 2439 1170 2496 um,
1193 2421 1295 2498 quales
1312 2429 1391 2478 sunt

182 2507 337 2586 platanus,
361 2508 462 2586 pinus,
490 2507 592 2566 laurus
609 2515 638 2566 et
651 2507 787 2565 similes

269 2619 319 2680 23
344 2613 589 2694 Cereressos]
613 2635 687 2693 quas
705 2610 1079 2693 appellatsunebreisOd.
1096 2631 1126 2671 v.
1148 2611 1237 2692 epod.
1256 2611 1298 2692 [v.
1317 2617 1366 2676 17.
1373 2612 1389 2692 ]

184 2697 270 2760 lubet
291 2697 432 2778 sepulcris
455 2701 612 2781 caprificos
631 2714 745 2774 erutus,
777 2697 858 2757 lubet
881 2720 1030 2798 cupressos
1044 2695 1200 2784 fimebreis
1220 2707 1277 2757 ete.
1301 2697 1391 2771 Virg.

185 2785 257 2846 Aen.
275 2791 303 2848 6.
317 2785 445 2850 seruicia,
470 2784 511 2862 [v.
528 2783 611 2862 216]
635 2807 682 2842 em
677 2781 856 2865 frondibus
871 2785 943 2842 otras
959 2781 1104 2842 latescunt
1112 2779 1208 2840 latera
1223 2796 1250 2839 et
1261 2777 1392 2864 seruicia

186 2884 254 2928 unte
275 2889 433 2948 cupressos.
459 2879 488 2927 et
513 2870 585 2928 Aen.
606 2877 634 2935 3.
660 2867 702 2948 [v.
722 2869 784 2948 64]
808 2878 901 2926 atram
925 2884 1117 2946 cepressmn,
1142 2863 1391 2926 Stossmarsibus

184 2975 255 3012 orae
274 2949 420 3012 Caeruleis
442 2969 566 3012 maestae
588 2955 668 3013 niuis
687 2969 810 3035 atraque
832 2974 975 3032 cupresso.
1019 2951 1081 3010 Cur
1104 2959 1202 3010 autem
1223 2969 1391 3028 cupressus

186 3037 387 3098 adhibeatur
378 3059 410 3096 m
430 3039 594 3114 funeribus,
617 3038 694 3098 hane
713 3041 803 3116 vulgo
819 3058 937 3097 causam
955 3035 1101 3110 afferunt,
1123 3037 1204 3114 qnod
1222 3036 1310 3094 semei
1328 3055 1391 3093 ex-

170 3124 247 3188 scisa
267 3143 427 3202 numquam
446 3125 629 3185 renascitur:
650 3135 680 3183 et
695 3125 734 3184 ita
749 3129 817 3184 ses.
833 3123 1001 3202 Pompeius.
1047 3123 1107 3200 Ego
1122 3122 1314 3180 existimarim
1330 3141 1392 3199 po-

185 3211 255 3284 tius,
271 3209 355 3268 initio
368 3209 480 3268 iccirco
498 3210 631 3272 adhiberi
643 3219 777 3288 coeptam
796 3229 868 3280 esse,
882 3219 917 3268 ut
930 3225 1040 3285 corpus
1054 3205 1216 3266 humanam
1234 3207 1270 3264 ab
1286 3207 1393 3265 anima

103 3321 106 3330 ·
186 3295 354 3374 animoque
367 3293 426 3353 iam
443 3296 618 3356 derelictum
638 3295 750 3356 diutius
770 3304 940 3355 servaretur
961 3313 996 3351 ac
1015 3302 1145 3351 maneret
1164 3293 1392 3371 incorruptum.

184 3379 283 3440 Varro
303 3379 423 3459 quidem
443 3391 547 3462 putat,
570 3382 682 3442 iccirco
707 3401 865 3460 cupressos
884 3381 915 3438 in
936 3379 1016 3456 rogis
1038 3377 1173 3436 adhiberi
1188 3377 1297 3436 solitas
1311 3397 1393 3450 esse,

148 3487 150 3490 ·
184 3485 224 3525 ne
246 3466 442 3542 cadaverum
464 3467 575 3526 interea
594 3467 665 3528 dum
687 3477 862 3536 urerentur,
885 3465 961 3524 odor
985 3483 1083 3523 nareis
1098 3458 1272 3522 offenderet
1317 3463 1395 3521 Pli-

185 3552 254 3609 nins
269 3561 420 3630 praeterea
437 3573 499 3610 eam
518 3553 653 3612 arborem
671 3553 731 3610 triti
747 3573 860 3612 sacram
875 3571 939 3611 essa
954 3549 1067 3611 scribit
1111 3549 1231 3608 Servius
1245 3550 1315 3607 item
1328 3567 1392 3606 no·

63 3709 70 3715 Ι
185 3643 245 3708 tat,
269 3657 442 3714 cupressum
457 3634 652 3718 Proserpinae
666 3637 794 3697 dleatem
812 3657 885 3698 esse.
914 3631 1395 3697 cod.1ann.atduovane.ha-

184 3680 257 3780 berit
273 3743 432 3801 cupressus.
1303 3757 1311 3799 ρ

271 3831 322 3891 24.
345 3827 506 3888 Bnnvesr
526 3827 733 3908 noussen]
756 3840 785 3890 ta
808 3829 962 3910 desninuns
984 3847 1045 3887 non
1066 3822 1120 3886 diu
1140 3825 1302 3902 victorum,
1324 3845 1395 3886 non

187 3911 413 3972 disertioribus
431 3915 488 3972 tuis
504 3924 533 3974 et
549 3917 656 3974 ceteris
671 3915 786 3974 deliciis
802 3917 974 3990 fruiturum
996 3907 1140 3990 δεσπότην
1154 3905 1369 4014 ὀλιγοχρόνιον.

270 4021 322 4085 25.
347 4011 537 4100 Dromon]
560 4021 679 4099 dignior
695 4033 724 4081 te
733 4023 961 4100 ‚quiantetur,
983 4021 1114 4097 senetur,
1136 4037 1205 4080 eum
1218 4028 1253 4080 tu
1269 4039 1396 4099 parcas,

186 4111 223 4162 ut
237 4124 339 4164 saorra
383 4105 490 4165 Evenit
506 4115 604 4166 autem
617 4106 675 4168 hoe
687 4109 765 4178 sere
789 4118 838 4188 ut,
862 4128 938 4187 quae
951 4127 1065 4166 summa
1079 4127 1152 4166 cura
1169 4123 1319 4183 omnique
1323 4116 1397 4166 stu

92 4217 94 4222 ·
187 4171 239 4254 dib
261 4191 453 4268 quaesierunt
475 4199 505 4248 et
527 4193 734 4254 custodierunt
751 4150 902 4268 homines,
925 4213 958 4252 ea
977 4191 1152 4252 effusissime
1166 4191 1335 4268 largiantur
1362 4203 1398 4252 et

188 4287 365 4334 consumant
384 4275 518 4336 heredes.
561 4275 689 4341 Theocr.
719 4277 773 4340 eid.
797 4271 843 4348 ις’.
869 4278 917 4358 [v.
940 4276 1009 4356 59]
1041 4271 1187 4359 Χρήματα
1209 4273 1279 4350 δὲζ
1263 4269 1400 4352 ζοὶοντες
1428 4285 1429 4296 ’

189 4352 395 4436 αἷμαλδυνουσι
409 4356 581 4423 θανεᾞντων
603 4363 635 4422 id
656 4373 718 4440 est,
741 4363 884 4441 pecunias
905 4373 1001 4422 antem
1018 4373 1207 4422 mortuorum
1226 4360 1290 4420 vivi
1311 4383 1399 4432 con-

122 4451 130 4464 '
188 4451 320 4504 sumunt.
343 4455 373 4504 et
390 4443 532 4524 Satyr3
552 4445 648 4514 libe.
669 4447 710 4526 [v.
727 4447 811 4529 122]
836 4447 994 4510 Filemone
1008 4444 1274 4511 etiomlsbertueut
1288 4445 1400 4508 ebibat

188 4525 283 4607 heres,
305 4528 397 4590 Diis'
385 4531 502 4596 mimice
515 4551 606 4595 senex
620 4531 777 4602 custodis?
882 4585 891 4597 .
1048 4567 1053 4574 ·
1427 4557 1428 4564 ’
