2894 5052
380 201 465 356 mn.
486 251 524 312 n.
544 255 548 262 ·
566 250 639 312 on.
660 251 755 319 xvn.
795 271 825 318 v.
847 253 999 322 re-aa
1182 328 1185 336 ,
1229 261 1292 326 121

82 449 151 490 earn
168 423 308 488 natalitia
323 421 484 506 praedicta
497 419 668 509 defendunt.
712 419 954 508 Vimrquaneiarn
975 447 1036 486 esse
1048 425 1132 486 aiunt
1149 424 1292 510 signifero

81 517 115 575 r'n
132 511 222 588 arbe,
244 513 296 595 qui
343 533 426 572 raece
446 507 588 586 ζωδιακᾶς
605 507 729 585 dicitur,
752 507 858 584 talem,
881 524 914 569 ut
925 511 988 570 eius
1006 509 1085 571 orbis
1101 533 1293 595 unaquaeque

79 621 159 680 pors
172 595 236 658 aiio
250 593 311 656 alio
326 594 416 658 modo
430 609 545 656 moveat
558 598 745 676 immutetque
757 591 882 671 caelum,
899 593 1021 675 perinde
1034 610 1065 656 ut
1078 619 1209 684 quaeque
1221 595 1293 658 stel·
1334 663 1338 673 ἱ

83 681 133 743 iae
154 685 186 742 in
206 685 245 742 iis
260 683 451 763 finitimisque
468 677 606 761 partibus
622 681 682 742 sint
704 694 819 763 quoqne
834 693 978 760 tempore‚·
1000 703 1121 764 eamque
1137 684 1197 742 aim
1214 683 1306 756 varie,

81 765 200 828 moueri
221 765 261 826 ab
283 767 322 826 iis
339 763 498 840 sideribus,
520 786 596 848 quae
616 779 760 846 uocantur
781 767 920 824 errantia.
967 764 1037 824 Cum
1056 779 1153 826 autem
1175 767 1207 825 in
1228 788 1295 830 eam
1340 829 1345 845 ,

82 855 184 934 ipsam
196 865 310 934 partem
321 849 406 925 prbis
421 851 566 924 uenerint,
588 851 619 908 in
633 851 744 931 quasit
759 863 841 909 onus
854 849 915 908 eius
923 893 931 924 ,
954 852 1007 932 qui
1020 864 1184 923 nascatur„
1194 865 1246 912 aut
1261 854 1295 914 in

81 957 171 1012 mm,
191 957 268 1018 quae
289 935 478 996 coniunctum
500 931 619 1015 aliquid
639 931 763 1009 lrabeat,
791 947 844 992 aut
868 935 1066 996 consentiens:
1087 957 1120 994 ea
1141 933 1296 1017 triangula

82 1009 135 1082 iile·
154 1037 181 1081 et
203 1017 352 1103 quadrata
375 1021 529 1080 nominant
546 1028 602 1080 etc.
624 1038 678 1078 sen
697 1039 745 1078 me
765 1019 859 1098 igitur
874 1017 984 1099 (inquit
999 1020 1083 1098 ilar.)
1105 1019 1221 1094 Vanus,
1243 1021 1296 1080 cui

82 1107 109 1164 T
111 1127 208 1166 aurun
221 1115 250 1166 et
267 1105 352 1166 Libra
367 1105 593 1179 attribuuntur,
616 1105 732 1184 aspicit,
746 1125 800 1168 aen
814 1104 903 1180 Mers,
927 1105 974 1163 cni
990 1105 1134 1185 Scorpius
1149 1113 1178 1164 et
1191 1107 1295 1184 Λήθη

7 1229 8 1238 η
82 1211 142 1251 eeu
160 1195 322 1266 Saturnus,
345 1190 394 1250 oui
410 1191 629 1273 Capricornus:
649 1199 753 1262 nostra
771 1199 852 1250 esua
869 1190 1088 1252 incredibiliter
1103 1191 1295 1264 consentiunt
1416 1251 1419 1262 ,

83 1285 116 1339 et
133 1297 210 1338 cons
233 1277 321 1340 irent.

176 1297 587 1442 18i'Fanu1nonoane]
611 1358 783 1437 horribilis,
804 1360 990 1422 metuendus.

176 1453 686 1528 18.19.·1renav101.unrron
710 1443 1063 1526 Narn‘msrtonrn]
1090 1445 1293 1524 significante

82 1555 120 1596 eo
144 1535 292 1614 temporis
314 1542 465 1594 momento
486 1543 691 1612 nstamesse,
714 1552 775 1611 quo
796 1531 876 1594 Mars
897 1532 929 1592 in
951 1533 1032 1592 orbis
1053 1531 1186 1610 signiferi
1205 1543 1293 1613 parte

81 1619 144 1678 eibi
160 1619 330 1680 imminente
349 1619 560 1698 etpropinqne
576 1619 676 1678 inerit.
720 1614 1293 1694 ErrantemMa1·ti‘sstelta,=utetSu-
1373 1693 1375 1704 Ι

79 1707 192 1784 tumi,
215 1703 348 1764 malefica
363 1714 393 1764 et
413 1705 575 1764 inclemens
594 1699 824 1782 Astrologorum
844 1705 1000 1764 sententia.
1419 1696 1423 1704 ’

175 1789 225 1858 19.
241 1796 291 1856 20.
315 1791 386 1848 Srn
410 1809 614 1850 runnunns
636 1788 878 1869 Hearanree]
901 1788 934 1850 id
952 1797 1012 1863 eat,
1036 1789 1292 1870 quitempestetau

79 1877 115 1935 in
137 1875 262 1938 Oceano
284 1874 462 1934 accidentali
484 1885 514 1934 et
533 1875 641 1956 quovis
660 1875 719 1936 alio
732 1877 809 1936 mari
827 1877 938 1936 excitet
955 1876 1077 1934 orienes
1092 1875 1293 1956 Capricornus

6 2009 7 2044 ,
81 1972 188 2021 eutem
203 1963 331 2020 Saturno
348 1957 522 2020 ascmbitur.
549 1961 643 2020 Aiunt
660 1960 793 2040 quidam,
813 1963 959 2041 mianum
974 1971 1003 2020 et
1022 1979 1083 2038 eoa,
1098 1961 1148 2040 qui
1160 1960 1294 2042 p‘atrians

6 2049 7 2066 ¹
80 2069 173 2107 snam
190 2056 277 2106 antea
292 2045 418 2105 liberam
434 2045 491 2104 sibi
508 2047 620 2106 servire
639 2053 819 2124 coegerunt,
841 2046 1057 2125 Capricornum
1077 2065 1135 2126 pro
1155 2045 1292 2106 natalitio

79 2134 174 2212 signo
188 2131 299 2192 habere
314 2133 426 2204 solere,
447 2130 560 2190 iccirco
578 2131 794 2211 Capricornum
811 2140 973 2211 tyrannum
993 2131 1030 2192 ab
1046 2131 1119 2192 Hor.
1136 2129 1294 2211 appellari,

80 2209 176 2300 quani
189 2218 379 2278 nascentibus
391 2225 461 2276 ortu
471 2235 526 2276 auo
539 2235 664 2296 regnum
678 2227 708 2276 et
722 2217 911 2295 tyrannidem
924 2219 1148 2298 promittentem
1161 2236 1293 2297 acprae·

6 2365 7 2384 ,
79 2314 253 2388 parantem.
315 2304 410 2363 immo
433 2301 651 2380 Capricornum
679 2303 791 2372 iccirco
821 2303 1002 2382 Hesperiae,
1027 2301 1057 2362 id
1088 2311 1150 2376 cst,
1177 2302 1292 2378 Italiae,

79 2401 250 2470 tyrannum
266 2387 353 2462 dicit,
374 2387 443 2468 quia
459 2390 606 2446 Saturnus
620 2388 651 2445 in
666 2387 849 2466 Capricorno
866 2389 1052 2466 gravissimus
1069 2387 1187 2466 pluuias
1208 2390 1294 2448 exai-

78 2487 148 2551 tnt,
172 2485 208 2534 ut
228 2483 353 2534 annotat
371 2473 551 2554 Seruianae
573 2473 649 2532 illud
673 2472 777 2550 Vir-gil.
804 2475 913 2552 Georg.
931 2479 959 2540 1.
987 2473 1027 2554 [v.
1050 2471 1137 2552 336]
1165 2469 1293 2555 Frigida

5 2629 6 2642 ἵ
80 2559 216 2621 Saturni
228 2581 287 2618 sese
305 2579 364 2642 quo
376 2555 462 2618 stella
483 2573 619 2640 receptet:
641 2573 668 2617 et
682 2560 816 2620 maxime
830 2557 941 2640 (inquit
955 2555 1019 2640 itte)
1031 2559 1071 2632 in
1083 2555 1193 2635 Italia,
1215 2555 1293 2636 antiq

5 2657 6 2660 ’
78 2662 111 2708 et
127 2641 245 2707 Horat.
260 2645 320 2720 ait,
343 2667 392 2704 sere
407 2657 548 2723 tyrannus
568 2641 729 2723 Herperiae
746 2639 944 2724 Capricornus
963 2667 1042 2708 orae.

173 2735 227 2796 22.
249 2729 300 2788 Te
321 2729 432 2788 lavia
453 2745 570 2788 turra
594 2727 672 2806 ete]
694 2729 810 2809 Iupiter
821 2735 998 2810 prosperet
1011 2727 1149 2790 ademtis
1164 2737 1218 2805 est,
1234 2730 1291 2790 Sa-

77 2829 199 2880 turnus
213 2813 382 2888 maleficus,
402 2813 605 2894 perniciosus,
626 2815 778 2894 pestilens.
821 2814 976 2894 Significat
991 2815 1099 2894 igitur,
1122 2811 1291 2879 chmMnn·
1399 2837 1415 2898 J

77 2905 203 2965 cenatio
220 2910 303 2959 ortus
324 2899 449 2978 diesque
465 2898 573 2957 natalis
593 2899 675 2958 Iovis
689 2909 720 2960 et
734 2902 856 2960 Saturni
870 2903 910 2962 eit
921 2901 1089 2981 particeps,
1109 2893 1191 2976 lovis
1211 2895 1292 2960 stel-
1355 2949 1374 2978 „

76 2993 146 3051 lam
163 3005 341 3067 prosperam
358 3003 394 3044 oo
417 2983 577 3045 salutarem
599 2985 721 3044 Saturni
737 2985 957 3048 inclementiam
981 2987 1155 3047 contudisse
1171 3007 1207 3047 ac
1222 2987 1291 3045 die·

75 3073 234 3149 cnseisse,
255 3071 455 3132 aMaecenate
469 3069 597 3147 denique
611 3069 776 3150 perniciem
792 3071 819 3130 ci
833 3071 1035 3134 imminentem
1056 3093 1091 3132 nc
1102 3081 1291 3154 praesentem

77 3160 243 3222 avertisse.
286 3152 367 3216 Iovis
391 3150 483 3214 tutela
506 3155 614 3232 igitur,
642 3154 675 3214 id
703 3163 764 3230 eet,
794 3157 876 3217 loris
900 3157 1001 3234 stella,
1023 3177 1101 3236 quae
1121 3168 1152 3218 te
1175 3167 1299 3230 tuetutr.¹
1394 3199 1398 3208 ι

75 3243 232 3308 Ostendit
246 3251 344 3304 autent
363 3239 451 3300 etiam
471 3239 510 3300 M.
527 3240 709 3320 Tuliepist.
729 3241 768 3300 ad
784 3241 855 3302 Feb.
877 3243 1004 3304 Gallum.
1020 3241 1071 3307 lib.
1085 3249 1115 3309 7.
1140 3241 1200 3323 [ep.
1215 3242 1291 3322 23.],

75 3337 254 3394 Saturnum
271 3347 335 3388 csse
347 3323 550 3405 perniciosum
567 3335 597 3386 et
610 3325 827 3388 incleinentem.
851 3327 894 3386 sie
909 3329 986 3390 enim
1004 3327 1073 3404 illa,
1094 3327 1209 3404 Martis
1222 3349 1290 3388 vero
1379 3367 1380 3374 κ

73 3421 273 3500 signumque
290 3409 364 3472 milri
376 3405 462 3492 paois
478 3407 618 3472 auctori?
643 3408 774 3484 Gaudeo,
789 3409 903 3472 nullum
912 3412 1038 3474 Saturni
1052 3414 1168 3493 rignum
1177 3410 1289 3498 fluisse.

72 3503 159 3564 haec
184 3501 264 3558 enine
278 3493 339 3555 eiua
358 3497 443 3575 signa
463 3507 595 3572 putarem
612 3493 686 3555 milri
702 3516 751 3554 aes
766 3493 892 3556 alienum
906 3497 1047 3558 attulisse.
1070 3506 1174 3557 contra
1186 3497 1291 3558 Iovem

73 3589 270 3658 salutarem,
290 3581 343 3642 lib.
358 3585 387 3646 6.
408 3577 637 3658 deRep.[xv11,
657 3585 706 3646 17.
724 3579 817 3659 Orci]
839 3581 954 3642 Deinde
974 3597 1015 3642 est
1026 3581 1176 3642 hominurn
1190 3581 1292 3662 generi

5 3733 6 3756 ,
69 3693 210 3756 prosper
225 3683 251 3726 et
266 3665 408 3726 salutaris
428 3661 480 3724 ille
491 3661 616 3747 firlgor,
638 3667 691 3748 qui
711 3662 822 3726 dicitur
841 3663 930 3729 Ionis.
971 3667 1023 3726 sie
1037 3667 1118 3746 Virg.
1135 3668 1290 3744 Georg.·1.

5 3763 6 3776 ¹
54 3763 121 3840 ,[v‚
145 3751 238 3831 336]
265 3747 391 3830 Frigida
415 3749 539 3824 Saturni
558 3771 617 3818 sese
640 3771 698 3832 quo
719 3747 807 3825 steila
833 3765 962 3833 receptet.
1013 3747 1126 3812 Iterum
1148 3751 1189 3814 M.
1209 3752 1290 3814 Tull.
1353 3749 1356 3760 ’

5 3861 6 3864 ’
69 3846 133 3907 lib.
153 3847 187 3908 1.
210 3836 359 3899 deDivin.
377 3839 439 3910 [39.
456 3837 519 3906 85.]
544 3831 626 3912 Quiri
645 3832 733 3893 habet
757 3831 940 3916 astrologus,
964 3859 1017 3898 our
1035 3835 1122 3912 stella
1136 3835 1217 3898 Iouis
1237 3850 1291 3896 aut

5 3911 7 3924 ’
74 3926 223 3991 Venerio,
233 3922 391 3984 coniuncto
405 3941 472 3982 oum
487 3918 579 3978 Luna
597 3916 640 3978 ari
653 3933 734 3980 ortus
743 3941 899 3999 puerorum
914 3917 1056 3982 salutarie
1067 3924 1121 3998 sit,
1144 3921 1291 3984 Martisve

5 4031 6 4090 J
69 4006 267 4076 contraria?
289 4005 422 4084 Denique
442 4003 522 4064 Mars
539 4013 569 4064 et
583 4005 730 4064 Saturnus
745 4003 788 4062 dii
804 4013 874 4064 sunt
888 3997 1080 4092 ἀναιρετικοί,
1101 4007 1135 4068 id
1151 4016 1206 4086 eat,
1227 4007 1291 4066 vim

5 4109 6 4112 ’
69 4101 117 4163 de
132 4089 240 4157 medio
257 4089 382 4151 tollendi
396 4089 556 4171 habentes,
577 4099 608 4148 et
621 4090 674 4170 qui
688 4091 785 4150 nolent
800 4089 981 4151 intercidere
996 4095 1075 4153 vitae
1088 4093 1246 4168 rationem,
1262 4091 1290 4150 si
1328 4091 1330 4096 ’
1402 4083 1405 4099 '

68 4189 211 4266 aspectu
233 4197 307 4252 suo,
327 4174 381 4234 ant‘
392 4173 484 4236 radiis
500 4175 563 4233 suia
584 4185 684 4236 ortum
698 4175 851 4254 geniturae
866 4176 1037 4255 attigerint,
1060 4188 1095 4237 nt
1114 4185 1198 4241 notat
1216 4179 1289 4238 Ser-

66 4273 151 4332 vius
179 4265 219 4326 ad
238 4263 324 4324 iilum
340 4259 423 4339 Virg.
442 4261 543 4320 locum
565 4257 639 4340 Aen.
655 4261 687 4326 4.
709 4259 750 4342 [r.
767 4259 853 4340 610.]
877 4275 904 4322 ee
926 4259 971 4323 iiii
987 4263 1138 4324 morie'ntis
1157 4259 1290 4324 Elissae:
1311 4330 1315 4352 l
1337 4275 1345 4320 ‘.

67 4356 132 4418 ubi
148 4353 237 4414 hunc
253 4349 356 4408 locum
371 4340 498 4426 proiert.

172 4443 225 4502 23.
253 4429 500 4512 nerviceis]
533 4448 589 4490 suo
620 4429 736 4511 fulgore
770 4429 921 4494 cantuario
955 4431 1074 4514 fulgens
1102 4439 1133 4494 et
1157 4431 1289 4512 Saturno

65 4541 269 4608 repugnans.
283 4591 287 4599 Ι
