2884 5044
1205 269 1249 326 XV

72 416 249 497 raedarum
270 405 489 492 occasiones
511 407 722 494 habimrum
749 407 817 494 'aut
846 415 918 493 sibi
938 417 1130 532 pauciqra,
1156 441 1250 519 quae
1283 406 1285 414 '
1358 454 1361 463 =

72 523 236 622 subigeret
254 547 298 594 ac
321 518 504 614 domarat,
534 521 673 622 'reliqua
697 524 828 602 lutura.
855 521 1027 612 Quamvis
1042 521 1139 595 enim
1160 541 1252 596 esset
1321 581 1324 587 s

71 627 132 701 hoc
153 623 295 724 insigne
326 644 367 698 et.
396 617 625 698 luculentum
664 625 741 699 eius
783 623 892 700 animi
924 623 1180 726 magnitudinis
1215 643 1252 700 et

71 729 186 830 gloriae
204 723 413 826 cupiditatis
438 747 705 828 argumentum:
730 727 759 802 si
774 723 1026 804 fortitudinem
1039 745 1159 802 tamen
1175 751 1252 803 non
1287 813 1289 820 s
1326 735 1334 752 ‘

71 825 220 932 eorporis
249 827 412 928 uiribus,
452 829 516 904 sed
543 831 653 904 animi
682 833 815 906 robore
848 831 1016 906 metimur
1051 849 1090 906 et
1116 829 1147 906 si
1175 829 1266 906 alti··

71 933 219 1009 tudinem
245 932 355 1006 animi
378 957 456 1032 ¹nou
479 932 519 1006 in
553 935 723 1009 fortunae
750 933 949 1009 temeritate
978 957 1101 1034 neque
1125 935 1165 1008 in
1185 931 1255 1008 mi·

70 1036 350 1132 litumlacertis,
374 1033 439 1108 sed
461 1035 500 1109 in
522 1035 643 1112 animo
664 1037 799 1112 invicto
820 1037 972 1138 positam
1000 1061 1074 1111 esse
1100 1036 1255 1112 arbitra·

70 1167 140 1216 nur
162 1137 199 1216 et
228 1139 261 1212 si
293 1137 443 1218 aolidem
463 1163 657 1242 veramque
676 1137 828 1244 gloriam
851 1139 985 1216 nonin
1008 1139 1255 1242 expugnandis

69 1245 203 1318 urbibus
228 1267 353 1344 neque
386 1241 425 1314 in
451 1268 563 1342 propa
590 1240 694 1316 andis
721 1241 863 1346 imperii
882 1243 1038 1338 finibus,
1064 1245 1128 1318 sed
1145 1243 1257 1318 inco·
1359 1329 1361 1336 ,

69 1345 226 1422 bibendis
261 1365 299 1444 et
333 1271 614 1444 comprimendis
647 1345 758 1420 animi
792 1345 950 1422 motibus
990 1347 1171 1448 rebusque
1200 1371 1256 1420 se·

70 1449 183 1524 cundia
208 1439 409 1524 'moderare
441 1448 692 1550 sapienterque
721 1447 881 1527 ferendis
903 1450 1058 1526 locatam
1087 1475 1107 1522 e
1184 1441 1257 1524 ιιιὶ·1
1313 1475 1317 1490 ·

69 1551 256 1628 stimamns:
281 1551 407 1626 luisset
424 1549 517 1626 illud
540 1553 706 1652 profecto
725 1553 843 1629 multo
870 1551 1006 1628 certius
1033 1473 1185 1654 nagida
1209 1549 1259 1626 ad

68 1657 222 1732 dentem
251 1653 412 1730 flaturam
427 1653 574 1730 'indolis
595 1654 798 1732 Alexandri
826 1655 987 1760 signum,
1020 1656 1189 1756 primum
1202 1681 1259 1730 se·

67 1757 173 1834 cunda
190 1755 357 1860 Philippi
375 1757 487 1859 patris
517 1759 665 1835 fortuna
689 1757 920 1882 victoriisque
939 1757 1082 1855 laetari,
1122 1757 1259 1842 deinde

67 1863 232 1937 moenem
258 1861 374 1956 inire,
406 1859 713 1963 quemadmodum
731 1881 786 1940 tot
805 1863 981 1948 civitates,
1008 1883 1063 1938 tot
1086 1862 1258 1964 populos,

66 1985 193 2040 tantum
212 1989 371 2068 regnum
392 1961 571 2063 sapienter
593 1965 758 2068 iusteque
779 1963 969 2052 moderari,
981 1986 1121 2064 posset,
1176 1969 1259 2040 uum
1290 2030 1292 2036 .

67 2067 97 2140 in
114 2067 366 2156 incertobelli
387 2087 519 2142 eventu
543 2067 798 2170 epemgloriae
813 2095 900 2144 suae
924 2069 1114 2144 collocare.
1149 1991 1259 2144 itam

66 2199 140 2245 cum
160 2171 257 2245 duae
284 2170 356 2244 sint
376 2189 469 2244 artes
491 2170 738 2272 potissimum,
768 2171 810 2246 in
835 2199 992 2274 quarum
1013 2170 1174 2247 studium
1199 2189 1259 2246 rei
1322 2155 1326 2172 ’

64 2299 121 2377 ges
150 2273 386 2368 incumbere,
420 2299 509 2374 quas
537 2272 766 2374 perdiscere,
804 2274 842 2348 in
872 2273 1004 2374 quibus
1037 2275 1172 2370 versari
1200 2273 1260 2350 vel

65 2379 198 2452 subeant
218 2377 277 2452 rel
311 2373 494 2473 debeant,
527 2403 601 2452 una
624 2375 788 2465 militaris
821 2397 857 2450 et
878 2377 1029 2474 bellica,
1062 2403 1131 2478 per
1151 2403 1262 2478 quam

65 2477 197 2554 hostilis
221 2497 260 2552 et
282 2499 430 2553 externa
448 2477 578 2552 iniuria
600 2479 853 2581 propulsetur,
879 2481 988 2554 altera
1008 2479 1123 2555 civilis
1149 2499 1186 2553 et
1201 2507 1263 2554 ur·

65 2583 151 2656 bana
170 2601 208 2657 et
229 2578 500 2682 quodammodo
521 2601 659 2684 togata,
688 2609 760 2686 per
789 2603 897 2684 quam
926 2581 1085 2659 civitates
1114 2579 1263 2681 optimis

65 2685 196 2786 legibus
218 2683 463 2786 institutisque
487 2705 705 2784 temperatae
730 2684 950 2782 eoncordia,
985 2684 1080 2784 otio,
1115 2684 1262 2784 opibus,

66 2789 191 2863 rirtme
211 2791 385 2863 floream:
419 2787 576 2864 dubitari
601 2816 677 2863 non
704 2785 832 2884 debet,
857 2787 947 2892 quin
974 2815 1036 2884 ea,
1069 2813 1263 2889 perquam

66 2892 203 2992 populis
229 2891 303 2966 rita
331 2890 435 2966 beata
462 2889 650 2992 quaeritur
677 2909 713 2966 et
736 2891 841 2966 euius
866 2917 973 2966 causa
997 2889 1100 2990 prior
1121 2889 1264 2973 illa'est

66 3015 285 3098 comparata,
316 2993 437 3099 longe'
455 2993 522 3068 illi'
538 2993 584 3070 sit
618 2993 884 3094 anteponenda.
914 2993 1036 3094 ⁸Bella
1059 2993 1158 3074 enim
1186 3019 1264 3068 non

66 3098 127 3170 nisi
151 3096 358 3172 necessario
381 3097 625 3198 suscipiuntur
653 3121 773 3198 neque
794 3101 987 3211 quisquam
1009 3117 1081 3192 est,
1112 3097 1182 3170 nisi
1197 3097 1265 3170 im·

66 3201 155 3276 mani
174 3202 286 3300 plane
302 3199 455 3300 ingenio
471 3197 764 3300 praeditus,'qni
789 3227 865 3276 non
886 3226 955 3300 per
969 3197 1264 3299 disceptationem
1294 3210 1298 3216 '

67 3329 103 3376 ae
125 3305 325 3398 rationem,
352 3330 461 3404 quam
480 3327 547 3402 per
569 3301 642 3378 rim
664 3323 701 3376 et
720 3305 858 3378 ferrum
886 3303 942 3378 ius
969 3330 1076 3378 sunm
1100 3304 1265 3385 obtinere

67 3408 169 3486 malit
199 3405 302 3486 Cum
322 3405 416 3480 illud
436 3431 512 3480 non
533 3405 637 3491 licet,
665 3405 806 3484 adhoc
830 3405 1056 3501 decurritur,
1081 3425 1145 3502 ut,
1170 3405 1266 3478 iniu-

23 3571 24 3586 ι
64 3510 116 3603 =ria
135 3514 237 3585 ferro
262 3509 431 3610 repulsa,
462 3507 541 3582 iure
567 3529 694 3584 nostro
720 3509 826 3584 armis
847 3504 1062 3611 recuperato
1069 3508 1102 3604 ,ἶ
1116 3507 1296 3609 victoria,

23 3627 25 3722 ἰ
67 3615 158 3690 bello
179 3633 304 3714 parta,
331 3610 406 3686 otio
425 3639 589 3712 paceque
618 3613 826 3714 potiamur„
861 3603 1183 3702 Quemadmodum
1204 3639 1267 3686 au·

68 3737 132 3789 tem
152 3715 257 3790 navis
279 3717 501 3819 ςιώειιιιιοι·
529 3713 576 3788 ad
604 3743 752 3790 cursum
781 3717 1003 3812 secundum,
1035 3713 1198 3798 medicus
1220 3713 1269 3790 ad
1384 3711 1410 3728 ”

69 3819 156 3922 aegri
188 3821 342 3894 salntem
375 3843 456 3892 suas
486 3815 625 3894 omneis
670 3845 775 3894 curas
797 3839 844 3894 et
873 3819 1109 3923 cogitationes
1139 3821 1268 3894 refert:
1303 3849 1306 3856 ’

23 3987 25 4018 ,
69 3923 114 3996 sie
137 3927 242 3998 bono
270 3919 430 4022 principi
461 3945 606 4015 eorum,
632 3921 947 4024 quibusapraeest,
972 3921 1044 3998 vita
1065 3923 1169 3997 beata
1184 3947 1270 4024 pro·

69 4027 178 4126 posita
201 4025 313 4100 debet
335 4049 432 4120 esse,
457 4043 499 4097 ut
522 4022 577 4118 illi
598 4025 766 4112 fortunae
786 4024 891 4102 bonis
914 4025 987 4100 sint
1008 4023 1211 4126 locupletes
1232 4044 1276 4098 et·

70 4125 566 4229 copiosi,vi1ibuscorporis
595 4127 754 4204 valentes
779 4156 821 4204 ac
846 4127 1009 4224 robusti,
1034 4127 1203 4204 omnibus
1223 4153 1271 4200 a-

71 4231 153 4306 nimi
174 4231 370 4308 viantibus
385 4228 550 4306 instructi
565 4249 673 4332 atque
690 4231 827 4330 ornati,
851 4231 968 4338 gloria
986 4234 1152 4332 famaque
1167 4239 1284 4332 praei
1391 4262 1393 4282 ⁴

72 4355 199 4410 stantes
217 4357 253 4412 et
269 4333 373 4410 clari:
403 4343 498 4434 quae
518 4353 598 4408 tum
618 4333 775 4436 denique
797 4334 1008 4438 contingere
1029 4335 1164 4421 solent,
1185 4362 1272 4410 cum

74 4439 188 4545 Reges
204 4437 334 4555 sedulo
357 4437 449 4518 dant
464 4463 643 4543 operam,
675 4459 717 4518 ut
738 4439 811 4516 sint
832 4437 901 4545 ipsi
925 4435 1086 4544 bellicosi
1110 4437 1214 4518 simul
1236 4459 1272 4514 et
