2884 5044
9 195 11 208 '
92 221 173 287 se
307 152 365 178 ‘⁴
496 161 958 289 uonrruosuusus,
1043 290 1065 309 ,l

131 385 185 470 [75
199 383 257 466 sq.]
280 383 532 465 Medeeospors
545 404 625 466 quus
644 392 750 444 sancto
763 386 941 447 simulacro
952 381 1124 461 seruntur,
1146 379 1185 442 Iu
1207 382 1332 440 sitentes's
1431 431 1432 434 ,

129 473 289 534 luminum
308 471 433 535 divinae
454 473 577 539 nasuta,
588 471 726 547 fuimus,
756 473 913 552 Suscipere
934 469 1011 528 Isaeo
1038 468 1137 526 animi
1160 466 1335 546 tranquilla
1374 479 1379 488 ·

125 557 340 642 persuadebis.
361 559 509 616 falluntur
534 555 627 634 igitur
649 555 701 635 qui
714 575 758 614 ex
779 555 827 616 his
850 556 926 616 locis
946 564 986 614 et?
998 573 1037 613 ex
1050 551 1166 612 Tibulli
1184 551 1336 627 versibus,

131 663 209 724 quos
231 663 302 702 mox
319 643 488 722 proferens,
511 639 668 702 ostendere
693 651 856 712 conentur,
884 643 1028 700 nuntium
1046 639 1078 698 iu
1098 646 1206 698 neutro
1228 657 1337 714 genere

132 729 274 789 usitatum
290 747 353 788 esse
369 745 483 810 prore,
506 745 582 806 quae
597 727 760 787 nuntietur.
781 727 825 786 sic
838 725 950 787 Tibull.
961 725 1039 798 eleg.
1056 729 1084 790 1.
1101 723 1153 782 lib.
1167 729 1198 788 2.
1216 724 1337 800 [25sq.]

131 817 292 876 Eversum
309 835 436 892 precor:
457 809 549 871 ostien
569 821 605 870 ιιι
620 812 774 888 felicibus
794 813 870 872 estis
886 811 1043 892 Significet
1058 805 1203 893 placidos
1222 810 1339 866 nuntia

123 901 210 981 fibro
228 899 333 960 Deos?
355 899 438 959 Idem
454 897 527 975 eleg.
546 900 575 962 4.
592 897 644 956 lib.
664 900 694 962 8.
718 899 749 976 [5
765 897 822 978 sq.]
852 899 932 958 Divi
955 915 1028 954 vera
1050 903 1169 952 monent
1191 905 1339 952 venturus

12 997 15 1012 '
132 987 243 1046 nuntia
258 987 368 1042 sortis:
395 985 476 1046 Vera
489 993 609 1042 monent
629 983 733 1042 Muris
747 984 959 1064 extuprobotu
974 983 1061 1056 piris.
1084 999 1213 1058 quorum
1228 977 1341 1038 verbo-

58 1099 59 1106 *
132 1091 201 1132 rum
226 1069 302 1130 ordo
326 1079 388 1144 est,
417 1080 485 1146 esto
505 1070 618 1128 nuntia
638 1071 731 1126 sortis
741 1071 879 1146 suturae
898 1089 972 1128 uero
994 1075 1124 1126 monent.
1159 1065 1204 1124 sic
1233 1063 1341 1141 Virgil.

132 1157 185 1216 lilt.
200 1155 230 1222 4.
254 1155 324 1214 Aen.
341 1154 437 1234 [tte]
462 1153 499 1214 de
514 1154 610 1230 sums,
645 1156 720 1212 Tum
734 1155 808 1232 ficti
830 1155 1097 1234 praviqueteuux,
1120 1152 1342 1228 quomnunts'u

103 1225 117 1246 κ
133 1243 208 1300 steri.
249 1238 331 1300 ldens
347 1246 376 1306 6.
394 1239 469 1320 [456
486 1237 543 1320 sq.]
567 1239 679 1316 [esselis
694 1239 797 1316 Dido,
819 1260 911 1298 uerus
933 1237 1012 1296 milri
1032 1235 1161 1298 nuntius
1183 1256 1252 1314 ergo
1277 1233 1341 1294 Ve-

134 1336 219 1408 neret
237 1327 408 1388 extinctam.
437 1343 607 1405 quenquam
627 1323 663 1384 in
676 1323 739 1384 hoo
759 1334 911 1406 postremo
932 1323 1071 1402 exemplo
1093 1323 1225 1379 nuntius
1241 1318 1342 1398 secipi

106 1443 109 1461 ι
134 1419 236 1494 potest
249 1431 306 1489 pro
329 1432 362 1472 re
383 1409 530 1470 nuntiate.
574 1411 711 1490 Propert.
725 1411 800 1487 eleg.
816 1415 847 1475 4.
866 1411 921 1470 lib.
934 1413 964 1474 3.
980 1407 1017 1488 [5
1034 1405 1095 1486 sq.]
1135 1407 1242 1465 Omnis
1260 1407 1344 1462 enim

32 1545 38 1559 .
135 1497 219 1555 debet
234 1498 299 1554 sinc
316 1517 397 1554 vano
413 1499 543 1554 nuntius
562 1499 638 1570 esse',
668 1496 877 1576 Maioremque
899 1505 982 1554 metu
1002 1490 1086 1576 debet
1102 1491 1214 1550 trohen
1230 1487 1344 1568 fidem.
1431 1539 1432 1548 ,

30 1575 32 1591 '
135 1583 306 1661 Usurpstur
320 1590 474 1661 praetereo
490 1601 546 1660 pro
568 1601 600 1640 se
618 1581 756 1641 nuntiate
777 1581 807 1640 in
825 1579 929 1640 eodem
943 1599 1066 1656 genere,
1087 1595 1149 1636 non
1170 1577 1201 1634 in
1222 1584 1343 1650 neutro,

137 1667 222 1728 cuius
241 1667 283 1724 rei
299 1675 402 1728 extent
415 1665 552 1746 exempla
566 1664 703 1725 similiter
718 1665 953 1748 opudprobotos
967 1665 1086 1741 linguae
1099 1661 1220 1722 Latinae
1234 1669 1352 1720 sueto·-

64 1779 70 1786 ·
98 1760 102 1768 '
136 1773 194 1812 res.
226 1751 327 1826 Virgil.
343 1750 512 1816 Aeneid.9.
529 1749 681 1830 [692sq.]
712 1751 925 1832 Turbontiqus
939 1751 1022 1809 viror
1034 1750 1187 1828 perfertur
1201 1747 1345 1820 nuntius,

57 1835 61 1842 ⁴
136 1838 250 1898 hostem
265 1838 391 1896 I¹¹ersssrs
404 1834 595 1895 caedsnovu.
618 1835 791 1896 Csesurlib.
807 1843 835 1902 1.
858 1837 895 1896 ds
920 1833 999 1896 bello
1020 1833 1119 1910 civili,
1142 1829 1218 1913 [58]
1245 1831 1347 1890 Multi

52 1980 55 1988 ,
137 1945 172 1982 ex
185 1922 283 1984 ltalia
296 1919 342 1980 ad
362 1921 417 1982 Cn.
431 1924 612 1998 Pompeium
627 1915 918 2002 proficiscebantur,
941 1921 1001 1980 ulii
1017 1930 1052 1978 ut
1070 1920 1227 1998 principes
1250 1917 1348 1976 satem

137 2011 284 2068 nuntium
300 2007 456 2083 attulisse,
477 2007 538 2064 ulii
556 2029 593 2064 ne
618 2017 758 2066 eventum
777 2007 849 2066 belli
869 2016 1053 2086 exspectasse
1074 2013 1132 2063 aut
1151 2024 1186 2062 ex
1202 2001 1347 2060 omnibus

57 2099 84 2132 -’
137 2095 301 2158 novissimi
320 2095 435 2152 venisse
453 2089 638 2170 vt'derenlur.
680 2091 720 2151 Μ.
741 2093 820 2154 Tull.
844 2113 901 2172 pro
924 2093 1015 2150 Corn.
1034 2089 1146 2165 Bulbo,
1175 2089 1269 2146 nolite
1286 2108 1347 2166 per·

138 2182 223 2240 Deos
238 2177 453 2254 immortalem,
475 2173 607 2250 iudices,
628 2176 710 2244 stunc
727 2169 778 2244 illi
797 2179 939 2239 acerbum
958 2178 1103 2234 auritium
1121 2171 1199 2232 cells
1220 2171 1347 2250 defhrs'.

138 2264 223 2326 Idem
237 2261 353 2326 ud'Att.
375 2261 428 2323 lib.
444 2263 474 2326 3.
496 2261 546 2340 Μι
565 2271 599 2344 ιι1
613 2271 686 2320 tuus
705 2260 825 2320 litterae
847 2271 875 2320 et
897 2259 1027 2341 quidum
1053 2259 1127 2320 boni
1141 2261 1262 2334 nuntii,
1282 2279 1349 2318 nors

140 2343 264 2422 optimis
277 2351 378 2402 tarsen
393 2343 628 2422 auctoribus,'et
639 2349 821 2425 exspectatio
835 2357 1006 2406 vestrarum
1019 2347 1203 2419 litterarum,
1219 2353 1246 2401 et
1259 2341 1350 2422 quod

139 2427 198 2486 sthi
210 2429 257 2486 itu
265 2427 446 2505 placuerat,
469 2429 575 2488 adbuc
593 2429 822 2498 lbessulunicue
838 2431 987 2492 tenebunt.
1007 2430 1081 2490 ibid.
1104 2429 1143 2490 de
1167 2428 1204 2501 Q
1228 2428 1347 2504 Fratre,
1431 2481 1432 2488 ,

140 2513 242 2579 nuntii
251 2511 338 2572 nobis
352 2515 468 2588 tristes,
493 2535 547 2572 neo
567 2517 654 2572 varii
671 2527 823 2575 verterunt.
846 2525 876 2578 el
897 2515 1006 2576 Culull.
1027 2516 1066 2575 ud
1087 2513 1215 2575 Verunu.
1240 2511 1283 2592 [9,
1297 2513 1346 2593 5.]
1431 2561 1432 2568 ι

145 2592 284 2658 Venisti?
306 2617 323 2655 ο
346 2597 426 2656 milri
444 2601 551 2658 nuntii
572 2599 662 2659 beati.
692 2599 776 2660 Idem
795 2601 834 2662 de
852 2602 953 2678 Arrio,
973 2599 1037 2682 [84,
1056 2598 1119 2679 10.]
1150 2599 1228 2679 Curre
1243 2597 1349 2658 subito
1431 2653 1432 2662 ,

140 2681 270 2764 affertur·
284 2686 415 2744 nuntius
431 2683 602 2744 horribilis.
1089 2715 1090 2720 ¹
1343 2713 1346 2719 ¹

100 2785 106 2805 ι
225 2768 729 2844 7.Cs1.n1nuu,·unsoon1o
756 2790 945 2844 snscusr,
975 2789 1117 2830 roeoso
1140 2767 1347 2850 Conusne]

142 2849 293 2914 callidum
313 2851 439 2936 comere
459 2873 552 2932 genus
574 2863 626 2930 ⁸est
641 2855 815 2935 loquendis
830 2857 954 2916 Graecis
968 2866 1115 2918 sumtum:
1138 2853 1249 2934 dequo
1263 2853 1353 2914 dicu·

142 2957 209 2998 mus
225 2937 263 2996 sd
281 2937 365 3008 Odon
383 2949 441 2998 oct.
459 2937 513 3010 lib,
530 2943 561 3004 4.
576 2939 658 3020 [et]
682 2940 719 2998 de
741 2939 916 3000 huiusmodi
940 2951 1039 3000 sutem
1063 2939 1205 3000 Mercurii
1225 2939 1350 3018 ingenio

13 3041 36 3113 ·y
102 3075 105 3086 .
142 3019 218 3082 haec
240 3022 365 3086 tradunt
388 3023 505 3084 Graeci.
548 3025 664 3106 Iupiter
684 3025 779 3086 Maiae
803 3024 891 3085 unius
913 3025 1100 3088 Atlantidum
1119 3045 1220 3086 umore
1242 3035 1350 3104 ceptus

70 3163 73 3174 ,
141 3107 256 3172 Iunone
270 3107 413 3170 insciente
433 3129 502 3170 cum
524 3110 578 3171 illn
601 3111 774 3170 concubuit.
796 3131 830 3172 su
845 3109 905 3170 hoc
932 3111 1099 3170 concubitu
1122 3109 1246 3188 gravida
1269 3113 1351 3170 lucta
1431 3137 1432 3140 ¹

143 3192 325 3254 Mercurium
339 3195 371 3253 iu
385 3195 506 3275 Cyllene
521 3195 669 3256 Arcadiae
685 3205 786 3256 monte
800 3196 937 3278 peperit,
957 3196 1126 3257 incredibili
1139 3195 1261 3256 furendi
1276 3207 1351 3255 stu-¹·

129 3275 194 3358 ,dio
210 3277 358 3356 deditum,
381 3301 441 3342 non
457 3281 545 3341 sliam
562 3275 611 3359 (ut
623 3285 707 3340 siunt
719 3280 779 3363 illi)
803 3281 841 3344 ob
863 3301 997 3363 consens,
1020 3302 1109 3361 quom
1133 3281 1215 3364 quod
1232 3281 1354 3360 lupiter

144 3364 335 3425 concubitum
349 3365 433 3428 illurn
448 3367 536 3425 uxori
554 3388 625 3427 suae
641 3367 760 3428 iuratus
773 3367 826 3426 sit:
850 3368 1024 3446 quasivero
1046 3387 1148 3426 ornnes
1161 3367 1241 3426 lovis
1261 3387 1351 3426 nmo·
1374 3419 1379 3437 ,

39 3489 44 3518 ,
128 3449 237 3512 'reset
259 3449 436 3510 concubitus
458 3471 518 3510 non
541 3451 601 3512 sint
621 3453 725 3512 furtivi
748 3462 778 3511 et
796 3453 983 3514 clandestini.
1025 3451 1155 3526 Verum,
1176 3459 1213 3510 ιιι
1226 3451 1350 3512 redeam

144 3533 184 3594 ud
209 3535 393 3595 Graecorum
414 3535 547 3612 sabulos,
578 3559 616 3597 eo
633 3537 751 3614 ingenio
775 3549 863 3598 ustus
882 3538 1050 3600 Mercurius
1065 3546 1095 3598 et
1117 3535 1219 3619 (quod
1243 3535 1297 3596 hio
1319 3536 1350 3596 ei

127 3618 228 3680 ¹‘leudi
243 3621 365 3680 ascribit
379 3617 534 3704 Horatius)
549 3621 643 3683 boves
657 3622 806 3702 Apollinis
821 3624 904 3684 furto
919 3625 1042 3700 evertit,
1065 3621 1220 3700 eidemque
1235 3623 1349 3682 melum
1431 3619 1432 3628 ’

145 3704 269 3763 minanti
285 3706 374 3764 etiam
391 3727 493 3766 orcum
510 3707 664 3784 subduxit,
681 3717 721 3781 et,
739 3727 807 3768 cum
823 3708 898 3770 Ms'u
914 3718 1010 3790 mater
1027 3727 1096 3767 cum
1113 3707 1267 3768 sororibus
1287 3707 1351 3766 suis

143 3789 274 3866 levaret,
297 3789 428 3850 omnium
443 3797 551 3852 vesteis
568 3794 642 3853 clun
658 3793 796 3866 sustulit,
819 3795 860 3853 itu
879 3803 913 3852 ut
926 3794 995 3853 illae
1012 3793 1111 3852 nudae
1126 3791 1266 3867 relictos,
1287 3813 1350 3872 quo

144 3895 177 3932 se
193 3883 356 3951 verterent,
378 3895 437 3935 non
451 3875 605 3938 habereut.
628 3878 680 3938 sed
699 3877 822 3938 Homeri
842 3888 872 3938 et
884 3877 1007 3938 Pindari
1020 3879 1200 3958 interpretes
1215 3877 1350 3954 trudunt,
1431 3949 1432 3958 χ

145 3957 328 4019 Mercurium
343 3981 399 4038 pro
419 3961 516 4021 bobus
535 3963 669 4044 Apollini
688 3963 839 4044 subreptis
861 3965 959 4044 lyram
978 3964 1007 4026 ei
1022 3963 1203 4044 reposuisse.
1245 3963 1351 4040 ltsque

58 4091 62 4096 ·
144 4037 241 4124 pilos,
256 4043 381 4124 chelyn,
404 4043 516 4114 dictent
534 4068 598 4110 esse
613 4043 719 4128 tipus,
735 4050 821 4128 qussi
837 4043 968 4130 lituus,
990 4047 1070 4129 quod
1088 4069 1120 4108 es
1135 4067 1167 4106 se
1180 4047 1352 4108 redemerit.
1431 4087 1432 4108 .

145 4130 260 4192 iccirco
275 4129 418 4191 Horatius
434 4130 492 4190 Od.
507 4151 575 4192 m.
591 4132 682 4196 huius
693 4133 764 4194 libri
786 4135 838 4214 [11
854 4133 914 4214 sq.]
936 4134 1084 4214 Apollinis
1105 4131 1266 4196 humerum
1288 4133 1355 4192 ιιι-Ι

145 4213 319 4320 tfrns'lyrs
342 4215 486 4296 insignem
508 4217 593 4279 dicit.
644 4217 812 4282 Mercurius
838 4219 917 4282 euim
945 4231 977 4281 ct
1000 4219 1112 4301 Apollo
1131 4214 1252 4280 ¹lsutres
1281 4227 1353 4286 sunt

110 4363 112 4376 ,
146 4323 336 4382 spumosos.
764 4365 767 4374 ,
1431 4373 1432 4386 χ

234 4386 688 4452 11.V1no¹nsrnsnsrss
717 4389 831 4452 llrssr
859 4387 1041 4470 Aeonum]
1076 4389 1190 4464 idest,
1221 4388 1295 4457 duro
1321 4397 1353 4450 ts

49 4497 54 4504 ·
146 4486 223 4532 vocs
246 4471 383 4548 territet,
415 4473 528 4554 tibique
549 4475 662 4537 snslum
691 4477 823 4540 minetur
844 4475 972 4558 Apollo,
1001 4476 1059 4536 nisi
1079 4476 1174 4538 boves
1200 4475 1354 4556 redderes,
