2874 5050
181 281 247 350 aec
532 249 736 338 uorarrr
762 273 990 338 ceruina.
1101 275 1106 287 ’

181 449 404 526 immitit,·tum
429 445 536 506 edendi
556 410 770 528 pugnandique
791 445 944 526 cupiditia
961 443 993 505 in
1012 446 1158 506 dracones
1179 446 1334 506 incitavit
1353 457 1405 506 at-

66 567 70 580 ·
180 555 241 616 que
253 535 388 615 impulit:
412 543 464 592 aut
479 531 574 612 qualia
591 542 636 592 eat
655 533 772 592 catulue
788 531 892 604 leonia,
910 533 999 611 qulam
1012 551 1120 611 caprea
1136 534 1261 611 paeonia
1275 533 1404 590 intenta

180 621 245 681 eiua
266 619 406 680 dentibue
427 617 547 676 iamiam
574 617 764 677 dilaceranda
792 635 827 674 ao
854 618 987 696 peritura
1012 618 1108 690 vidit,
1133 617 1225 676 talem
1256 615 1403 676 Drusum

178 705 288 767 Rhoeti
309 713 338 764 et
348 702 495 762 Vindelici
510 701 623 764 videre.
639 703 705 781 lege
720 701 777 762 hec
788 701 826 763 de
839 721 873 763 re
890 703 1066 763 Strabonem
1081 703 1132 764 lib.
1145 709 1174 768 4.
1191 713 1221 762 et
1237 701 1402 780 Patercu-

177 790 310 868 lumlib.
327 797 439 870 poeter.
455 785 494 865 [c.
508 785 572 866 951
1162 813 1182 856 ,·
1211 831 1215 838 ·

262 882 293 942 2.
315 891 471 936 ιιιιιιιιι
499 893 540 932 ιιι
561 893 614 934 ev.
640 871 748 952 ram]
777 871 970 952 quemobrem
992 871 1092 932 avium
1113 891 1168 934 rex
1188 881 1236 948 eat
1258 869 1402 949 aquila?

177 981 217 1020 en
232 959 459 1040 quodomnium
474 960 573 1016 avium
588 958 742 1018 celerrime
756 957 861 1016 volat?
884 977 922 1017 en
942 957 1015 1036 quia
1032 958 1095 1017 aula
1110 977 1148 1016 ex
1164 957 1274 1016 avibus
1289 955 1400 1015 solean

176 1047 327 1106 irretortis
348 1043 444 1174 apulia
465 1042 601 1104 intuetur
625 1053 656 1104 et
674 1041 810 1124 epectat'l
832 1061 870 1102 an
885 1051 1012 1124 propter
1032 1043 1095 1103 eiua
1117 1042 1213 1102 ollicin
1241 1052 1273 1102 et
1299 1041 1399 1104 fidem

178 1131 381 1192 truciorem.

212 1179 229 1210 ο
262 1223 292 1282 8.
312 1233 515 1276 extranee
537 1213 726 1293 ernanum]
748 1212 840 1276 immo
861 1211 977 1294 Iupiter
995 1212 1061 1295 ipae
1079 1208 1127 1300 (ut
1143 1221 1188 1274 eet
1206 1211 1239 1272 in
1257 1211 1396 1292 sabulis)

177 1301 297 1382 aquilae
315 1301 415 1380 apecie
430 1300 634 1379 Ganymedem
650 1296 760 1380 rapuit.

262 1389 292 1454 5.
315 1384 500 1464 rarnroa]
524 1395 681 1465 paternum
703 1403 811 1464 nempe
825 1383 951 1460 aquilae.
967 1414 972 1428 ι
995 1381 1099 1461 ltaque
1115 1382 1216 1444 atatim
1232 1384 1396 1464 seqnitur,

177 1493 268 1556 nepae
281 1467 426 1530 imbellem
439 1469 554 1550 feroces
568 1469 767 1550 Progeneront
782 1465 902 1550 aquilae
915 1465 1092 1528 columbam.

263 1561 293 1622 6.
317 1555 342 1615 N
351 1575 419 1614 roo
443 1554 664 1634 rnorunra]
687 1555 760 1628 nido
784 1555 865 1612 forae
885 1553 1015 1632 expulit,
1037 1551 1171 1612 nondum
1190 1553 1318 1612 volatui
1341 1575 1395 1612 aa·

178 1643 350 1702 euelactam.
370 1645 399 1698 in
418 1639 484 1698 aliia
507 1639 557 1698 lib.
576 1649 621 1704 eet
638 1637 779 1720 protulit,
801 1639 856 1698 aed
874 1635 1007 1718 propulit
1028 1639 1122 1696 malo:
1148 1647 1179 1698 et
1202 1639 1246 1698 ita
1274 1637 1395 1700 liabent

177 1727 249 1786 libri
269 1727 387 1804 eliquat
407 1723 618 1804 manuacripti,
639 1723 671 1782 in
687 1723 796 1802 quibua
813 1733 857 1784 eat
878 1721 1058 1782 Faernllra.
1074 1723 1167 1784 Vatia.
1182 1729 1213 1790 2.
1237 1733 1271 1784 et
1291 1737 1393 1806 quat-

178 1821 265 1888 tuor,
288 1811 397 1892 quibua
410 1809 460 1868 hic
473 1817 577 1890 nupcr'
587 1811 618 1868 in
635 1827 700 1868 mea
714 1808 809 1871 Gallie
824 1827 895 1872 ueua
909 1827 984 1870 aum.

264 1904 293 1964 6.
315 1917 334 1955 ι
345 1918 386 1956 ιιι
398 1915 505 1954 οιυιι
526 1893 709 1972 aneorum]
731 1893 779 1951 vel
799 1894 922 1952 volandi
937 1892 1065 1952 inacium
1079 1911 1132 1952 eeu
1149 1891 1320 1954 insuetum.
1345 1917 1391 1954 ee-

178 1984 283 2064 quitur
303 1983 379 2042 enim
402 2001 491 2054 mox,
515 1977 655 2038 lneolitoa
676 1974 799 2036 docuere
814 1979 894 2038 nisae
916 1980 995 2038 venti
1016 1987 1073 2037 etc.
1096 1979 1144 2037 vel
1162 1979 1340 2058 praedandi
1364 1995 1392 2041 et

177 2069 330 2150 pugnandi
349 2067 526 2126 insolentem
538 2073 567 2124 et
580 2063 713 2122 neecium
728 2083 781 2122 eeu
794 2063 975 2149 imperitum.

169 2203 192 2222 „
262 2161 290 2222 8.
315 2154 443 2212 lnaou.
466 2149 590 2230 nraua‘]
613 2147 661 2208 vel
683 2167 744 2206 non
761 2149 888 2208 uaitatoe
913 2147 1080 2228 praedendi
1099 2157 1237 2225 conatur,
1255 2151 1314 2210 vel
1329 2171 1389 2210 non

128 2313 132 2318 1
176 2240 303 2302 usitatos
319 2240 446 2297 volatus.
921 2287 924 2294 ,

258 2324 314 2390 ⁵11.
338 2323 428 2382 ltlox
448 2341 488 2378 ιιι
509 2339 670 2379 ιιιιιιιιτ.
687 2317 764 2398 on]
787 2317 832 2377 aic
848 2316 1027 2396 apudllom.
1044 2315 1081 2378 il
1093 2311 1386 2398 p'.[v.194-2311,'

177 2406 275 2484 aquila
294 2415 465 2484 serpentem¹
477 2413 648 2484 correptum
663 2405 812 2482 unguibua
822 2403 937 2462 deferre
952 2403 983 2460 in
999 2402 1100 2460 nidum
1117 2423 1203 2462 auum
1216 2415 1319 2484 paral,
1334 2406 1385 2464 aed

175 2513 192 2550 a
210 2491 375 2552 reluctante
389 2490 519 2549 dracone
535 2493 645 2548 acriter
661 2509 774 2564 morea,
791 2488 933 2568 praedam
951 2507 988 2548 ex
1003 2487 1151 2566 unguibua
1167 2487 1327 2550 dimittere
1338 2511 1385 2550 co.

175 2577 262 2652 gitur.
280 2595 340 2655 quo
355 2575 490 2655 auspicio
505 2573 859 2652 l’olydamaallectorem,
875 2593 993 2632 murum
1004 2565 1187 2634 Graecorum
1200 2595 1384 2654 oppugnare
1426 2593 1427 2652 ι

145 2667 152 2684 ’
175 2670 206 2720 et
220 2681 413 2740 perrumpere
433 2661 622 2736 cogitantem,
644 2679 788 2718 revocare
801 2679 836 2718 ac
853 2661 1005 2718 deterrere
1020 2671 1161 2735 conatur,
1183 2663 1239 2720 aed
1254 2661 1383 2724 frustra.

262 2753 310 2812 12.
332 2767 436 2805 aaron
457 2742 592 2823 narra]
616 2741 675 2802 eibi
692 2745 840 2823 cupiditao
859 2755 889 2804 et
902 2747 1004 2804 lamae.

261 2833 311 2896 15.
332 2849 458 2888 ancre
487 2849 686 2888 urruuauar
715 2828 891 2906 aeonum]
921 2827 1195 2906 calulumleonia,
1225 2832 1324 2894 modo
1349 2835 1383 2894 ab

175 2913 267 2973 ubere
284 2915 385 2976 matria
403 2915 570 2972 aeiunctum
585 2935 639 2974 eeu
654 2936 669 2972 a
685 2917 763 2974 lacte
779 2925 937 2974 remotum.
957 2913 1039 2988 Virp.
1052 2913 1169 2992 Tityro,
1186 2913 1264 2994 [Ecl.
1280 2939 1305 2992 r,
1322 2920 1381 2998 92]

174 3005 234 3080 qul>
249 3021 334 3080 anepe
344 2996 470 3058 aolenrua
486 2997 622 3060 Puerorea
635 3001 731 3060 ovium
746 3013 856 3058 tenerae
871 2994 1012 3078 depellere
1016 2995 1133 3080 saetae.
1157 3001 1194 3056 ad
1217 3021 1315 3077 quern
1335 3007 1383 3064 lo·

175 3103 244 3143 curn
260 3087 398 3160 Serviue,
422 3080 577 3164 depellere,
601 3083 631 3143 id
656 3093 715 3158 eat,
737 3105 753 3142 ιι
775 3085 853 3142 lacte
870 3101 1034 3142 removere.
1051 3083 1094 3140 eie
1115 3083 1194 3142 idern
1209 3084 1298 3165 Virg.
1317 3089 1383 3149 lle·
1425 3095 1426 3150 i

174 3169 228 3227 lib.
245 3167 322 3250 [Εοί.
340 3191 396 3240 vu,
416 3167 482 3248 li]
512 3165 658 3250 Depuleoe
674 3190 695 3227 o
708 3166 785 3227 lacte
806 3165 889 3226 domi
904 3159 980 3250 pade
999 3164 1048 3226 clo
1071 3163 1148 3226 deret
1167 3191 1276 3250 agnos.
1303 3175 1382 3236 idem
1425 3163 1426 3210 l

174 3254 362 3330 Palaemone,
382 3255 456 3334 [Eoi.
473 3274 518 3328 ιιι,
533 3253 597 3336 83.]
641 3251 737 3313 Dulce
748 3255 822 3312 antia
837 3251 957 3326 laomor,
969 3192 1107 3334 ‘depulsio
1122 3251 1246 3314 arduena
1266 3257 1380 3320 locedia.

261 3348 308 3407 16.
333 3343 459 3400 linare
481 3359 581 3398 novo
611 3337 830 3414 rrnrruna]
864 3339 1000 3416 peritura
1026 3339 1113 3396 dente
1138 3340 1236 3398 leonia
1260 3343 1380 3405 iuvetur

8 3449 10 3460 ·
117 3493 121 3504 1
173 3445 268 3504 noro,
290 3427 322 3486 id
341 3435 402 3504 eet,
424 3423 557 3485 nondum
575 3423 705 3505 praedae
723 3423 889 3490 aeeuelacto
904 3441 957 3482 eeu
975 3421 1108 3482 nondum
1124 3423 1271 3506 inpugna
1289 3451 1378 3492 exer.

174 3511 273 3575 citato.

260 3603 308 3662 17.
331 3593 504 3674 linorrr]
527 3593 635 3653 Strabo
656 3593 709 3655 ln.
734 3591 764 3658 4.
794 3591 842 3670 [6,-
860 3587 909 3674 8.]
940 3589 1075 3654 Rhoetea
1097 3601 1126 3653 et
1149 3593 1328 3660 Vindelicoa
1347 3605 1375 3662 in

172 3677 209 3738 iia
224 3679 344 3756 Alpium
363 3681 499 3760 partibus
516 3681 664 3754 collocat,
685 3697 762 3757 quae
788 3675 828 3736 ad
851 3675 995 3736 orientem
1017 3687 1047 3739 et
1062 3679 1206 3740 Austrum
1229 3698 1375 3764 epectant,

172 3773 208 3824 ut
222 3767 282 3824 aint
301 3767 443 3825 Helvetiia
463 3775 494 3824 et
509 3765 591 3824 Boiie
604 3763 736 3824 finitimi:
760 3761 811 3821 ubi
829 3769 859 3820 el
875 3761 912 3820 de
929 3763 1026 3822 llrueo
1043 3763 1146 3823 eadem
1163 3767 1283 3845 acribit,
1301 3793 1374 3849 quae

171 3848 222 3910 hie
234 3851 336 3910 laudat
348 3851 500 3910 Horatius.
518 3849 556 3910 de
574 3849 736 3910 vindelici·
750 3848 838 3906 etiam
858 3846 991 3910 Od.x1r.
1004 3847 1094 3908 huiua
1110 3851 1192 3928 libri,
1215 3853 1261 3934 [v.
1278 3857 1372 3938 8qu

175 3931 328 3996 Vindelici
349 3931 478 3995 didicere
496 3957 603 4016 nuper,
629 3931 710 4012 Quid
732 3931 836 3992 Morte
850 3953 959 4012 poaaee.
997 3931 1123 4010 Rhoeti,
1149 3933 1304 3999 Vindelici
1319 3963 1372 4000 au-

172 4031 231 4081 tem
248 4031 294 4080 eat
314 4015 496 4094 dudodeaov,
518 4021 569 4078 vel
590 4017 726 4078 addenda
747 4017 899 4094 copulatio
916 4031 958 4094 ee,
981 4037 1058 4098 quae
1075 4029 1171 4080 tamen
1186 4021 1272 4084 abeat
1287 4047 1306 4083 a
1321 4049 1371 4087 co-

172 4106 290 4166 dicibus
307 4105 429 4180 Donati,
451 4106 556 4164 Faern.
573 4105 663 4164 Torn.
684 4113 713 4162 et
730 4100 821 4160 duob'.
843 4101 936 4160 Votic.

258 4197 306 4257 18.
328 4188 503 4270 llaoaota]
526 4191 630 4252 Claud.
648 4190 796 4262 Drusum,
812 4185 863 4264 qui
877 4187 907 4246 in
924 4185 1081 4248 Germania
1097 4189 1176 4250 dienr
1188 4209 1275 4252 auum
1288 4193 1369 4256 obiit

193 4335 196 4342 ,
257 4281 308 4342 19.
331 4275 484 4348 Quiane
506 4275 586 4334 Moe
606 4293 702 4334 unua
720 4293 802 4333 ouo.
818 4271 897 4350 ete]
914 4271 1018 4346 idest,
1036 4275 1088 4352 qni
1105 4270 1253 4335 Vindelici
1271 4301 1369 4357 quam.

172 4359 274 4422 obrem
288 4369 415 4422 utaentur
430 4359 586 4421 oecuribue
606 4359 637 4417 in
655 4357 771 4438 proelio
791 4355 975 4418 Amazonum
992 4378 1092 4432 more,
1113 4379 1174 4420 nou
1196 4363 1284 4422 nimia
1302 4366 1369 4425 dili-

171 4457 275 4525 genter
291 4447 352 4506 hoc
377 4447 496 4524 quidem
519 4453 653 4524 tempore
678 4441 828 4520 exquisivi
851 4451 940 4520 atque
961 4445 992 4500 in
1014 4443 1096 4502 aliud
1120 4453 1238 4527 tempus
1258 4448 1366 4516 distuli,

170 4533 280 4596 limabo
304 4531 356 4594 lib.
378 4537 407 4600 2.
436 4528 551 4615 [potine
570 4531 590 4590 l.
607 4550 652 4609 ιι,
673 4545 699 4591 e:
717 4527 761 4610 5.]
784 4547 860 4609 quae
881 4527 919 4588 de
940 4529 1145 4612 Amazonibua
1162 4533 1274 4597 tradite
1291 4549 1365 4614 aunt,
