2874 5050
291 231 383 296 uss.
400 233 456 324 tv.
491 213 562 298 ou.
582 236 644 297 su.
670 257 701 298 v.
724 239 776 308 ss.
820 235 890 302 on.
912 237 980 302 xn.
1008 257 1037 300 s.
1061 243 1169 344 με.
1236 194 1347 310 tos

111 373 259 475 Musseti.
271 411 301 472 2.
316 405 359 488 [v.
379 406 443 487 η]
466 403 511 491 tJe,
535 405 633 470 dulcis
647 410 768 484 amice,
781 409 884 468 reviset
903 399 975 470 Cum
990 407 1151 492 Zepbyn's,
1175 373 1203 470 ii
1217 431 1325 472 conce-

111 487 190 567 des,
211 507 237 550 et
253 489 407 555 hirundine
420 493 530 573 primo.
554 493 631 554 udde
650 495 732 574 quod
754 493 918 574 epithetum
941 495 1018 554 illud
1032 498 1110 556 ueris
1130 495 1325 558 comites'sr-

109 586 265 654 gumemo
285 587 330 636 est
352 577 510 656 significari
526 579 695 655 Fauonios,
717 580 769 660 qui
789 577 939 639 nuscum
963 601 1035 640 vers
1057 581 1183 642 ineunte
1198 580 1322 660 spirent,

109 681 220 740 neque
239 661 352 740 probo,
384 663 466 742 quod
488 663 533 722 illi
564 669 638 726 ueris
665 663 788 728 comites
814 665 1051 746 interpretantur
1079 687 1128 726 uer
1152 669 1320 748 sequestris,
1330 660 1345 732 ¹,

111 747 376 825 quemadmodum
392 747 556 830 (inquiunt)
573 740 707 810 onum
729 749 819 810 huius
838 751 909 811 libri
923 750 966 830 [v.
980 751 1028 831 9]
1051 744 1129 810 dixit
1151 773 1200 809 uer
1217 765 1321 829 prote-

109 831 283 894 rit'oestos.
326 835 426 914 Longe
446 837 522 896 enim
537 835 595 895 boc
608 831 654 895 illi
671 837 813 896 dissimile
827 847 881 896 est.
924 837 998 896 Nem
1009 857 1069 918 'rer
1084 836 1204 916 quidem
1217 837 1320 914 sequi·

107 923 170 976 tur
186 926 296 978 aestus:
320 917 350 978 s't
371 921 512 980 convenit
527 922 569 981 ito
591 923 686 1001 loqui.
710 923 763 981 sed
785 919 899 982 Etesiae
917 937 1075 1004 sequuntur
1094 944 1142 980 ver
1161 941 1224 980 non
1246 923 1317 982 item
1400 930 1422 996 ·’,

109 1003 270 1064 convenit.
292 1003 388 1065 Multo
398 1017 495 1066 eutem
510 1007 608 1067 miuus
624 1009 763 1079 convenit
775 1008 818 1066 its
833 1007 1002 1067 describere
1017 1005 1140 1082 Etesiae,
1157 1021 1256 1066 ventos
1269 1027 1318 1081 uer

109 1090 288 1169 sequenteis,
306 1113 387 1164 more
400 1095 600 1173 temperaturis
616 1103 673 1154 etc.
693 1095 855 1152 ⁴Postremo
875 1113 981 1152 vocem
1001 1115 1096 1154 comes
1115 1111 1176 1152 non
1198 1091 1318 1170 signifi-

110 1191 188 1232 care
208 1193 291 1249 suns,
314 1179 367 1255 qui
382 1177 592 1256 subsequetur,
615 1189 645 1239 st
658 1180 708 1258 qui
728 1190 796 1260 post
812 1189 876 1254 est,
899 1178 952 1238 sed
966 1179 1019 1258 qui
1030 1197 1090 1236 uns
1106 1187 1134 1238 et
1148 1176 1253 1254 eodem
1268 1197 1315 1236 or.

110 1257 188 1316 dinc
209 1258 412 1338 ingrediatur,
436 1273 609 1342 argumento
626 1275 670 1324 est
692 1245 777 1322 licus
798 1265 1052 1326 illeOd.xxv111.
1074 1263 1127 1322 lib.
1142 1269 1170 1326 1.
1194 1263 1236 1343 [r.
1251 1261 1314 1344 ib]
1360 1255 1366 1282 '

108 1341 172 1403 Me
186 1345 300 1427 quoque
320 1343 426 1410 desert
441 1345 571 1429 rapidus
584 1371 679 1410 comes
704 1345 822 1410 Orionis
841 1345 971 1430 Illyricis
985 1347 1082 1408 Notus
1099 1345 1197 1408 obruit
1216 1344 1314 1406 undis.

108 1428 177 1486 Sed
195 1431 282 1489 niniis
300 1433 394 1490 multa
414 1433 452 1493 de
473 1433 567 1511 nugis.
613 1435 718 1493 Utatur
733 1455 788 1492 suo
806 1434 931 1513 quisque
948 1433 1070 1492 iudicio.
1114 1433 1233 1497 lamex
1250 1433 1314 1490 Lu-

110 1513 226 1589 cretio,
249 1516 287 1576 tt.
302 1517 420 1590 Tullio,
442 1519 565 1592 Plauto,
589 1519 729 1579 Terentio
748 1520 913 1598 intelligere
926 1515 1013 1594 licet,
1037 1517 1108 1598 quid
1128 1513 1246 1577 intersit
1265 1517 1311 1576 in·

108 1608 162 1658 ter
176 1602 305 1661 animum
324 1605 506 1688 etonimom,
550 1606 669 1666 Lucret.
682 1605 733 1665 tib.
752 1611 780 1670 3.
798 1605 838 1684 [v.
857 1603 941 1683 137]
976 1603 1065 1664 Nunc
1081 1605 1211 1663 animum
1226 1617 1314 1685 etque

108 1687 245 1744 animam
262 1683 330 1746 dico
351 1691 509 1749 coniuncto
523 1693 612 1750 teneri
620 1687 699 1750 inter
708 1713 738 1749 se
752 1705 840 1772 atque
853 1711 941 1748 unum
962 1704 1099 1751 noturom
1117 1689 1261 1768 conficere
1273 1710 1314 1747 ex

108 1791 160 1828 se:
183 1766 245 1828 Sed
257 1787 345 1853 ooput
364 1776 532 1856 essequosi
547 1790 574 1834 et
595 1773 743 1836 dominari
762 1778 794 1834 in
816 1797 938 1855 corpore
953 1789 1015 1834 toto
1031 1770 1210 1850 Consilium,
1232 1769 1314 1854 quod

109 1877 167 1914 nes
183 1857 314 1914 animum
334 1872 513 1940 mentemque
525 1881 673 1923 vocamus.
716 1859 799 1920 Idem
815 1859 867 1918 lib.
883 1861 914 1926 6.
934 1857 1205 1938 [V·1228,⁸q·]··ao
1227 1877 1313 1935 prece

109 1935 227 2021 quaesit
242 1939 413 2015 Ventorum
435 1941 564 2023 pavidus
583 1965 672 2025 paces
696 1945 868 2025 animosque
887 1939 1039 2004 secundos.
1095 1941 1179 2000 Idem
1205 1939 1258 1999 lib.
1277 1946 1315 2014 ,3.

112 2029 155 2102 [v.
170 2023 256 2103 897]
279 2023 317 2084 Et
330 2029 426 2106 magis
438 2042 480 2086 est
496 2029 612 2087 unimus
625 2031 699 2088 vitoi
713 2025 844 2090 claustro
859 2019 992 2088 coercens
1006 2024 1043 2084 Et
1056 2023 1258 2109 dominantior
1270 2019 1312 2082 od
1326 2085 1328 2092 ‚

108 2111 202 2170 vitum
210 2154 221 2188 ,
243 2133 331 2191 quom
345 2111 390 2170 vis
403 2113 526 2172 onimoi.
570 2112 651 2172 Nam
664 2116 726 2172 sine
741 2127 833 2172 mente
846 2113 1002 2193 orsinroque
1013 2112 1112 2192 nequit
1125 2106 1248 2170 residere
1259 2131 1312 2187 per

109 2208 193 2254 ortus
211 2196 364 2274 Temporis
376 2199 516 2277 exiguom
528 2212 641 2278 portem
655 2221 728 2276 pore
741 2195 805 2256 ullo
821 2199 944 2268 onimoi,
963 2192 1023 2254 Sed
1039 2216 1134 2258 comes
1151 2194 1311 2275 insequitur
1421 2239 1422 2244 .

106 2276 206 2362 focile
226 2277 393 2352 et'disoedit
407 2283 438 2339 in
453 2303 544 2341 ouros
557 2279 597 2342 Et
607 2279 723 2362 gelicior
737 2283 863 2354 ortusin
877 2277 948 2340 terti
950 2279 1072 2364 frigore
1084 2275 1192 2360 linquit
1208 2288 1263 2337 stc.
1280 2287 1311 2336 et

110 2363 149 2422 Μ.
163 2366 241 2423 Tull.
259 2365 381 2427 Tus'cul.
396 2367 447 2424 lib.
457 2373 484 2430 1.
499 2365 616 2447 [9,19.]
638 2367 783 2426 Animum
795 2379 891 2426 nutem
903 2369 1032 2424 onimom
1046 2366 1140 2423 nostri
1155 2359 1311 2424 deolo'ront
1334 2430 1337 2440 ,

110 2451 267 2509 nominari.
313 2447 392 2518 Nom
413 2466 441 2510 et
463 2454 738 2534 ogereonimopret
756 2449 860 2534 efflare
880 2447 1014 2517 dicimus.
1038 2449 1183 2522 unimam,
1205 2447 1308 2520 idest,

109 2527 243 2598 dentum.
254 2535 326 2594 ibid.
348 2537 517 2616 lpseoutem
531 2535 802 2597 animusobonimo
818 2533 971 2595 diotusest.
993 2533 1074 2593 Idem
1086 2528 1305 2612 ibid.[19,43*.]

68 2623 70 2628 ’
103 2641 197 2700 ¹quom
213 2622 357 2700 regionem
366 2645 437 2682 oum
455 2623 601 2702 superauit
613 2624 730 2680 enimus
743 2635 936 2702 naturamque
946 2621 992 2678 sui
1004 2617 1127 2680 similem
1142 2619 1264 2698 contigit
1280 2631 1307 2675 et

36 2757 41 2769 .
111 2707 246 2784 agnouit,
268 2707 385 2766 iunctus
398 2729 439 2766 ex
452 2703 646 2766 onimo'teieui
660 2721 687 2766 et
703 2729 743 2766 ex
756 2704 862 2766 ardore
874 2702 946 2764 solis
961 2701 1117 2786 tempe'roto
1130 2701 1247 2785 ignibus
1260 2703 1307 2762 in-

111 2791 187 2848 sistit
199 2800 256 2850 etc.
277 2853 279 2858 χ
299 2791 380 2851 Idem
395 2791 465 2852 ibid.
479 2791 543 2871 [25,
561 2791 626 2871 60.]
643 2794 743 2850 animo
760 2792 798 2850 sit
812 2793 929 2870 unimus
942 2789 1064 2869 ignisne,
1081 2791 1188 2850 nescio.
1210 2789 1307 2848 Ptaut.

111 2874 224 2936 Asinos.
240 2878 284 2956 [v‚
297 2883 328 2952 2,
344 2876 409 2956 43]
424 2875 491 2936 DE.
505 2880 647 2957 Animam
662 2873 786 2956 aedepol
797 2877 971 2951 sereniorem,
994 2897 1083 2957 quom
1096 2876 1204 2936 uxoris
1218 2887 1306 2933 mene.
1393 2887 1395 2890 ’

93 2958 321 3028 ,ΡΗΙΕΑΕΜ
350 2963 424 3039 Dic,
447 2961 572 3039 amodo,
594 2959 743 3046 onjoetet
766 2962 868 3020 animo
887 2962 994 3023 uscort's
1012 2959 1104 3023 tuoe?
1134 2961 1217 3020 ldem
1239 2961 1307 3018 Au·-

80 3112 84 3127 ,
111 3045 194 3106 lulsr.
212 3045 264 3106 sed
285 3071 330 3107 me
344 3051 475 3108 unimam
490 3049 614 3128 recipere
629 3050 727 3124 sinos,
750 3062 778 3106 te
793 3043 875 3126 rogo.
898 3045 977 3104 idem
995 3046 1065 3105 ibid.
1082 3045 1174 3126 [1i,4,
1191 3043 1253 3125 95]
1273 3041 1306 3103 S.

114 3129 187 3208 Quin
200 3143 265 3192 oum
281 3135 305 3190 it
322 3129 489 3208 dormitum,
503 3131 610 3216 follem
626 3131 781 3216 obstringit
794 3130 831 3192 ob
842 3129 959 3212 gulam.
979 3131 1030 3193 Co.
1044 3129 1122 3194 our?
1142 3131 1174 3190 S.
1186 3125 1306 3213 nequid

112 3219 222 3276 animae
230 3215 312 3298 forte
331 3221 448 3290 omittet
462 3217 616 3278 dormiens.
642 3219 763 3280 Terent.
778 3215 903 3296 Adelph.
923 3216 981 3295 [nn
998 3223 1028 3288 2,
1044 3217 1109 3294 26.}
1124 3213 1307 3303 quidjesti-

112 3321 178 3371 nos,
200 3305 242 3359 mi
259 3299 358 3364 Geso?
378 3305 506 3362 onimom
530 3305 631 3382 recipe.
676 3303 758 3362 ldern
778 3304 809 3376 iq
826 3302 944 3364 Phoros.
968 3301 1012 3382 [v,
1028 3308 1058 3377 6,
1071 3301 1136 3380 28]
1157 3301 1305 3362 Animum

113 3389 278 3465 compressi,
301 3407 400 3446 ourem
420 3387 549 3448 odmori.
592 3389 704 3448 lterum
721 3388 759 3446 Μ.
778 3389 858 3448 Tull.
874 3389 1083 3457 frumentaria,
1106 3388 1144 3446 de
1159 3385 1305 3466 Apronio,

114 3469 363 3550 [11,3.5s,134.]
380 3474 431 3554 qui
448 3496 506 3532 non
522 3471 612 3533 modo
632 3473 763 3532 inimum
782 3473 941 3553 integrum,
965 3469 1068 3538 sedne
1086 3473 1216 3530 onimom
1233 3471 1307 3552 qui·
1389 3538 1393 3544 ¹

113 3553 171 3614 dem
184 3579 290 3638 purum
312 3579 481 3618 conseruere
491 3561 641 3641 potuisset.
657 3558 736 3618 idern
744 3559 776 3617 in
784 3559 915 3633 Timaeo,
935 3557 978 3640 [ᾗ.
989 3549 1255 3646 13.]itt1,contigit,'
1272 3569 1306 3616 ut

112 3643 181 3700 inter
204 3663 299 3722 ignem
319 3657 346 3700 et
368 3658 475 3702 terrom
498 3662 608 3726 oquom
627 3644 708 3704 Dens
732 3645 920 3726 animamque
934 3659 1054 3725 poneret
1072 3663 1163 3724 eoquo
1179 3642 1255 3702 inter
1275 3663 1306 3700 se
1421 3677 1422 3680 =

113 3731 528 3810 compararetetproportione
540 3731 741 3809 coniungeret,
757 3747 788 3788 ut
801 3773 808 3800 ,
830 3726 1074 3813 quemadmodum
1084 3729 1167 3810 ignis
1180 3727 1304 3802 onimoe,

112 3814 152 3874 sio
170 3815 269 3872 onimo
288 3835 398 3895 oquae,
420 3811 556 3896 quodque
581 3817 684 3874 anieno
707 3835 815 3897 oquoe,
846 3813 882 3874 id·
901 3837 983 3897 oquo
1004 3831 1098 3874 terroe
1115 3813 1306 3894 proportione

113 3895 244 3958 redderet.
265 3899 347 3975 Virg.
363 3899 394 3958 in
408 3899 520 3974 Sileno,
537 3899 577 3975 [v.
593 3899 656 3980 32]
672 3899 791 3959 Semina
806 3903 1188 3982 terrorumqueonimoeque
1199 3897 1317 3972 marte-¹
1367 3969 1369 3976 Ι

113 4007 162 4065 que
165 3982 295 4064 fuissent
314 3983 352 4044 Et
367 3981 478 4067 ¹liquidi
494 3982 584 4044 simul
597 3987 683 4066 ignis.
712 3987 794 4045 l'dem
809 3988 915 4063 Georg.
931 3991 961 4050 2.
977 3985 1016 4064 [ν.
1033 3983 1115 4064 184.]
1132 3983 1305 4063 animosque

113 4085 137 4127 et
148 4069 253 4130 olentia
261 4067 348 4130 Medi
361 4067 422 4130 Oro
433 4065 536 4150 sonent
550 4067 604 4131 illo
615 4085 642 4130 et
654 4070 770 4132 senibus
778 4069 962 4132 medicantur
976 4067 1099 4134 anhelis.
1119 4067 1202 4128 Idem
1209 4065 1261 4126 lib.
1270 4071 1302 4132 8·
1349 4069 1356 4080 '

114 4153 225 4218 Aeneid.
244 4155 386 4236 [ν.408.]
412 4155 561 4234 Quantum
576 4159 656 4238 ignes
669 4158 842 4238 animaeque
858 4155 966 4226 velent.
1001 4155 1010 4165 ”
1057 4171 1082 4216 ,·

174 4247 216 4307 ’8.
239 4241 410 4322 urruns]
432 4241 573 4317 horrent,
595 4243 744 4321 squallent
765 4243 894 4321 frigore,
918 4239 1029 4320 glocie,
1057 4239 1136 4318 gelo.

155 4332 219 4400 nd·
239 4347 307 4388 nso
329 4347 384 4386 rr..
405 4349 482 4392 ern.
503 4327 581 4386 His.
605 4349 633 4390 u.
655 4327 709 4408 m]
733 4349 789 4388 nso
807 4327 894 4388 ssusii
908 4327 1032 4390 nivibus
1046 4336 1077 4386 et
1091 4323 1237 4384 imbribus
1252 4321 1301 4383 hi·
1356 4329 1358 4332 ’

114 4411 202 4472 bernis
225 4415 307 4474 oucti
324 4411 500 4494 horribilem
517 4415 676 4496 strepitum
698 4415 802 4478 edunt.
825 4437 894 4496 sup.
911 4414 1006 4473 0d.n.
1019 4412 1118 4472 eiusd.
1135 4409 1187 4494 lib.
1207 4409 1299 4490 [v.5.]
1421 4459 1422 4468 ,

115 4497 208 4570 Monte
222 4497 377 4564 decurrens
390 4497 470 4565 uelut
483 4501 595 4580 omnis,
616 4499 724 4565 imbres
740 4497 833 4585 Quem
851 4515 937 4585 super
953 4513 1043 4562 notos
1055 4495 1154 4584 oluere
1170 4498 1265 4578 ripos.
1299 4570 1306 4578 Ι

625 4611 628 4619 ι
661 4621 663 4628 ,
1129 4587 1140 4606 .
1268 4599 1278 4624 Ι
