2894 5052
131 212 194 347 sti
286 251 320 284 ''
354 293 357 298 Δ
501 271 704 334 nonnum
733 268 956 334 ciamus.

38 453 41 464 '
171 419 173 424 ,
215 449 267 514 20.
292 445 465 505 duntona
486 461 619 504 eunuc.
641 441 782 523 acuis]
802 439 1061 525 popularisauree
1082 441 1203 504 nomina
1225 441 1334 524 populi

58 585 64 594 .
132 533 283 596 levitatem
306 551 341 591 ac
357 530 552 590 mobilitatem
571 527 718 606 significet
738 532 770 588 in
785 527 960 588 mandandis
974 527 1214 606 magistratibus,
1235 527 1268 586 in
1281 528 1335 587 io-

133 619 232 678 tendis
252 615 417 692 suffragiis,
440 616 472 674 in
495 613 691 674 concionibus
713 623 743 674 ct
768 613 923 674 similibus.
975 613 1086 674 Eodem
1107 614 1260 692 pertinent
1280 613 1335 672 illa

132 704 211 784 apud
228 703 268 764 bl.
286 701 365 762 Tull.
387 700 429 780 [p.
444 699 559 760 Clucnt.
577 697 725 778 47,130.]
751 694 1031 780 Ventue'popularie
1049 709 1080 759 st
1098 697 1185 778 [ibid.
1200 691 1252 776 28,
1268 697 1334 778 77.]
1426 697 1430 705 ’

133 789 307 848 concionum
329 787 416 846 venti.
439 785 524 865 epist.
548 785 588 844 ad
603 784 734 852 Curium,
750 783 792 863 [2,
807 783 848 862 6.]
869 805 967 843 eorum
984 797 1150 859 uentorum,
1172 805 1245 864 quos
1262 783 1337 863 pro·

129 875 234 954 posui,
256 867 426 930 moderator
439 867 560 951 quidam
578 883 605 928 et
619 871 706 952 quasi
723 867 912 948 gubernator.
955 865 1038 928 ldem
1052 869 1136 928 Orat.
1153 867 1191 928 ds
1206 867 1335 946 Harusp.

130 979 210 1038 resp.
227 955 291 1037 [20,
308 951 371 1032 43.]
394 952 579 1036 Supplicium
599 950 730 1034 longius,
751 976 839 1036 quam
861 947 974 1027 uoluit,
994 951 1150 1034 popularis
1164 973 1238 1013 auro
1259 975 1336 1034 pro·-

130 1045 221 1104 cexit.
248 1061 304 1120 pro
320 1039 455 1114 Murena,
479 1037 522 1118 [§.
537 1037 600 1118 35.]
624 1052 717 1097 totam
734 1039 898 1120 opinionem
911 1057 1005 1116 poma
1020 1057 1236 1119 nonnumquam
1254 1059 1336 1098 com-

130 1111 225 1186 mutat
241 1145 316 1184 aura
332 1126 467 1182 eumont.
488 1125 522 1182 Τ.
537 1123 639 1183 Livius
656 1122 710 1183 lib.
724 1126 775 1188 42.
791 1121 968 1198 Annalium,
991 1117 1112 1182 Perseus
1132 1123 1337 1203 magieoarae
1368 1163 1374 1167 -

127 1207 1160 1374 2253222·..ltili·..ittl·.⁸.¹.llt“;l.li¹t::⁹lti
1173 1208 1337 1370 ‘illiti

129 1381 230 1441 locum
245 1339 289 1439 iic
305 1317 564 1455 Serviusfcueie,
587 1373 620 1437 id
633 1391 693 1453 est,
702 1375 876 1462 fauoribus,
895 1371 973 1436 unde
992 1377 1080 1436 etiam
1097 1377 1212 1436 aurarii
1226 1372 1335 1437 dicun·

129 1481 180 1525 tur.
207 1486 318 1526 auom.

137 1541 140 1548 ’
174 1465 267 1616 .f21.
289 1549 438 1608 Vuuus
460 1566 620 1609 nncanc.
646 1565 784 1606 nunnus.
805 1565 868 1605 uo.
891 1545 1004 1624 Casu.
1027 1543 1104 1624 etc]
1126 1543 1232 1620 virtus,
1256 1563 1335 1624 quas

130 1635 247 1696 coslum
262 1633 357 1714 sperit
372 1631 462 1691 laudo
476 1630 698 1712 praestsntibue
712 1631 794 1704 vicis,
816 1631 920 1711 quales
936 1629 1053 1707 nuntii,
1067 1629 1168 1710 quiab
1184 1630 1263 1690 omni
1279 1650 1335 1690 cu-

129 1720 257 1801 piditate
275 1718 383 1778 remoti
396 1727 466 1778 aunt
489 1738 524 1776 sc
540 1717 627 1800 liberi
643 1715 691 1798 (iis
705 1718 783 1776 enim
801 1713 895 1794 glotis
912 1713 1038 1776 debetur
1057 1715 1250 1792 immortalis,
1273 1736 1336 1776 nc-

129 1825 188 1884 que
201 1803 306 1864 iisdem
321 1803 455 1862 terminia
471 1821 575 1878 eorum
589 1804 678 1878 tama,
700 1803 809 1882 quibus
824 1803 886 1860 vite
900 1797 1180 1884 circumscribitur.)
1194 1801 1257 1859 vias
1271 1801 1335 1860 dis-

128 1889 233 1948 licilcis
248 1897 277 1948 at
295 1888 455 1970 impeditas
469 1887 606 1967 indagat,
629 1898 659 1948 et
673 1885 833 1948 humilium
849 1883 1005 1946 homiuum
1017 1897 1121 1968 specto
1136 1885 1334 1950 contubernio

129 1975 161 2034 in
179 1974 293 2038 caelum
309 1973 417 2034 avolat.
1047 2006 1049 2017 ·

214 2065 267 2124 2t.
290 2055 538 2140 nsouunnus]
575 2057 719 2137 spatians.
752 2055 849 2117 utitur
871 2053 933 2116 boc
958 2057 1050 2117 verbo
1070 2077 1137 2138 sup.
1165 2057 1223 2118 Od.
1241 2075 1333 2116 xutn.

50 2159 54 2166 “
128 2143 180 2212 lib.
201 2149 231 2208 2.
260 2148 301 2216 [v.
322 2147 392 2216 82.)
416 2165 513 2226 aequa
533 2141 621 2204 tellus
647 2143 772 2222 Pauperi
794 2138 963 2202 recluditur.
985 2152 1017 2202 ot
1037 2139 1200 2204 0d.xx1v.
1229 2141 1281 2226 lib·
1302 2148 1333 2205 1.

129 2227 254 2308 [v.'17.]
285 2225 355 2286 Non
374 2223 447 2286 lenis
469 2226 605 2307 precibus
615 2225 693 2314 sata
712 2221 867 2286 recludere.
888 2234 918 2283 ct
944 2229 1029 2306 epist
1050 2227 1088 2283 ad
1112 2228 1205 2306 Torq.
1225 2227 1279 2286 lib.
1304 2231 1333 2292 1.

129 2307 175 2387 [5‚
192 2311 253 2384 16.]
275 2317 302 2363 et
317 2317 417 2383 operta
432 2309 567 2412 recludit.
591 2321 623 2370 et
635 2310 674 2370 ad
690 2310 816 2388 August.
831 2307 885 2369 lib.
898 2315 930 2376 2.
949 2313 1090 2388 ss‚103.]
1107 2309 1222 2372 recluso
1239 2316 1333 2374 Mane

129 2385 370 2470 domouigilare.
1124 2457 1127 2466 ⁴

214 2479 267 2538 21.
288 2493 501 2534 iuusnms
523 2473 645 2556 unni]
670 2475 723 2552 iis,
747 2479 878 2556 quinon
898 2489 1072 2540 moruerunt
1086 2481 1180 2554 mori,
1201 2481 1254 2574 qui
1270 2501 1332 2540 me-

127 2561 177 2622 riti
201 2567 271 2618 sunt
290 2557 554 2621 immortalitatem.
577 2562 882 2644 sup.0d.ccv11.lib.
901 2574 928 2628 1.
949 2563 994 2642 [v.
1010 2563 1079 2644 28.]
1101 2568 1333 2647 immeritamque

91 2657 95 2672 ¹
126 2660 239 2707 uestem.
253 2653 284 2704 ct
299 2643 356 2706 0d.
371 2664 484 2704 xxvtu.
503 2644 544 2724 [v.
561 2643 637 2726 80.]·
651 2643 788 2727 Negligie
801 2647 952 2708 immeritis
964 2651 1129 2709 namtarum
1147 2651 1224 2710 Post
1242 2647 1331 2710 modo

128 2744 156 2788 te
171 2730 248 2788 natis
255 2725 403 2812 fraudem
425 2733 603 2790 committere
615 2727 716 2812 forsit.
740 2741 770 2792 et
783 2731 853 2794 inlr.
874 2731 931 2790 0d.
947 2751 989 2794 v1.
1005 2733 1048 2813 [v.
1067 2733 1107 2814 1.]
1129 2729 1248 2796 Delicta
1260 2755 1331 2794 mc.

126 2815 223 2874 iorum
244 2814 405 2873 immeritus
421 2811 491 2874 lues.
510 2824 540 2874 st
560 2817 660 2894 Satyr.
677 2823 708 2882 8.
728 2816 783 2878 lib.
801 2823 831 2881 2.
847 2815 897 2896 .[v.
910 2816 953 2896 7.]
975 2820 1191 2902 immeritusque
1210 2817 1332 2880 laborat
1414 2865 1424 2874 ,

128 2895 227 2964 Ieatie
244 2911 333 2956 natae
354 2899 453 2978 paries
472 2897 541 2959 Diis
563 2915 651 2982 atque
671 2891 776 2981 politis.
806 2911 837 2960 ct
860 2901 947 2981 epist.
969 2904 1009 2962 ad
1035 2903 1130 2966 Villic.
1149 2903 1203 2966 lib.
1219 2911 1247 2971 1.
1264 2909 1330 2981 nti,

52 3003 55 3013 ·
79 3001 82 3008 ·
130 2979 193 3062 12]
215 2979 331 3041 Stultus
343 2995 461 3064 uterque
478 2979 575 3044 locum
588 2985 763 3047 immeritum
779 2999 917 3046 causatur
929 2987 1036 3069 inique.
1307 3010 1310 3021 ¹

213 3072 264 3132 22.
285 3065 376 3128 Neo.
398 3087 502 3130 usna.
525 3089 612 3128 iasa
632 3066 723 3150 vu]
747 3071 806 3130 iter
826 3069 884 3130 sibi
906 3080 935 3130 et
955 3071 1018 3130 suis
1031 3071 1174 3153 patefacit
1191 3093 1247 3151 por
1263 3073 1330 3134 vias

127 3152 277 3228 desertos,
298 3149 444 3227 incultas,
464 3153 659 3231 interclusus,
680 3154 856 3228 inusitatas,
877 3175 975 3236 aequo
994 3157 1031 3216 ab
1046 3158 1112 3216 aliia
1128 3159 1223 3218 tritas.

212 3241 264 3302 22.
288 3255 437 3296 cunm
458 3231 572 3318 sica]
596 3239 896 3302 0d.1v.eiasd.lit›.
917 3239 960 3321 [v.
975 3241 1038 3323 so]
1060 3240 1256 3304 laconiensem
1273 3266 1330 3304 na·

127 3324 190 3384 uito
204 3319 369 3404 Bosporum
386 3321 519 3382 Tentodo
535 3335 597 3386 stou

212 3409 264 3472 24.
286 3407 402 3466 Unau
428 3407 603 3468 Srcnnsc
635 3409 797 3490 nuncu]
832 3411 876 3472 sic
899 3431 989 3496 saepe
1012 3411 1181 3491 loquuntur
1206 3417 1328 3493 poitso.
1412 3442 1415 3446 ·

30 3537 35 3548 .
113 3483 208 3552 'idem
223 3493 255 3551 in
271 3492 358 3572 epist.
374 3491 413 3552 ad
427 3491 525 3552 Pison.
541 3495 582 3574 [v.
597 3493 681 3574 282]
703 3495 769 3556 Aut
779 3492 853 3560 ,dum
874 3499 947 3556 uitat
964 3493 1093 3572 launum,
1115 3495 1216 3558 nubeis
1230 3513 1257 3558 et
1273 3501 1329 3558 in-

127 3578 199 3637 o‘nio
223 3591 328 3658 captet.
349 3575 432 3654 Virg.
454 3579 562 3656 Goorg.
583 3585 612 3644 3.
638 3578 680 3658 [v.
695 3579 737 3660 8.]
761 3579 904 3640 tentanda
924 3583 972 3639 via
991 3597 1048 3656 est,
1072 3603 1132 3664 qua
1150 3605 1196 3641 me
1213 3605 1330 3665 quoque

82 3733 92 3742 .
125 3663 236 3744 poesim
258 3657 370 3721 Tollere
382 3660 481 3722 dumo.
505 3671 611 3722 contra
628 3665 708 3724 idom
722 3666 826 3724 Horat.
841 3667 926 3746 epist.
941 3665 980 3726 ad
992 3667 1092 3726 Pisuu.
1116 3663 1159 3742 [vi
1170 3672 1233 3742 28.]
1256 3667 1329 3729 Sen-

124 3748 171 3828 pie
184 3745 267 3806 humi
281 3759 360 3804 tutus
372 3747 493 3806 nimium
506 3746 683 3830 timidusque
692 3747 847 3831 procellae.

211 3831 262 3896 25.
287 3829 360 3890 Ean
380 3847 424 3888 ιτ
444 3831 598 3912 sancus]
622 3833 740 3894 laudata
760 3835 935 3896 abstinentia
957 3845 988 3897 ct
1001 3839 1100 3898 animo
1116 3839 1153 3898 ab
1173 3840 1254 3900 omni
1271 3861 1327 3902 cu·

126 3913 253 3994 piditats
270 3913 365 3974 libero
381 3935 416 3974 ac
434 3917 549 3994 soluto,
571 3937 733 3998 rerumque
751 3918 945 3982 humanarum
964 3926 1161 4000 contemtos-e,¹
1180 3926 1334 4004 degredi-·

125 4007 193 4074 tur,
215 4021 269 4077 sc,
287 4019 385 4144 paens
403 4000 517 4079 dicam,
541 4003 660 4064 aberrat
681 4005 722 4064 ad
738 4005 860 4066 laudem
881 4007 1007 4085 silentii,
1029 4029 1127 4088 neque
1145 4020 1248 4088 postea
1268 4031 1325 4073 re·-

125 4085 284 4152 vestitura
320 4105 485 4148 sermonem
500 4087 680 4151 institutum.
707 4091 760 4150 Est
775 4093 854 4152 onim
868 4099 1037 4172 politanum,
1050 4105 1199 4174 ,tanquam
1214 4095 1325 4176 spii-itu

125 4169 229 4230 divino
250 4170 435 4247 afflatorum,
457 4181 488 4231 ct
510 4175 616 4234 mentis
638 4177 797 4252 agitatione
817 4179 1054 4254 concitatarum,
1077 4201 1135 4240 non
1156 4199 1272 4260 sonipes
1290 4178 1325 4239 iu
1379 4195 1381 4200 '

81 4273 85 4286 “
124 4257 281 4336 proposito
298 4275 435 4316 sermono
451 4255 584 4336 haerere,
593 4261 646 4320 sed
660 4261 764 4320 adalia
773 4283 994 4343 nonnumquam
1005 4264 1325 4344 aberrare,eententia-
1436 4305 1437 4348 1

124 4360 183 4417 qus
200 4342 287 4418 longo
302 4363 320 4400 a
334 4341 484 4420 pciacipio
505 4343 625 4405 divorsa
646 4363 765 4415 carmon
784 4349 963 4410 concludere
970 4395 979 4426 ,
1010 4350 1097 4410 cuius
1119 4351 1165 4410 rei
1185 4351 1325 4430 exempla

122 4425 240 4486 suntin
258 4425 314 4485 ud.
330 4445 399 4486 xm.
419 4428 471 4486 lib.
488 4433 517 4493 2.
539 4440 568 4490 et
590 4430 636 4490 Od
661 4451 715 4492 vit.
733 4431 785 4490 lib.
807 4441 833 4497 1.
854 4443 885 4494 et
909 4435 1025 4500 0d.1u.
1044 4436 1191 4498 eiusdem:
1215 4447 1246 4498 et
1262 4438 1325 4498 alia

120 4509 222 4569 multa.
235 4511 325 4592 'apud
341 4511 502 4574 l'indarum
517 4525 617 4578 autom
633 4532 728 4597 quam
737 4516 877 4598 plutima.
1249 4517 1255 4528 ’
