2908 5056
253 273 338 337 cta.
360 272 412 336 111.
441 253 586 337 onjtv.
617 291 648 334 v.
671 217 990 360 78¹-79.1du.tv.
1020 279 1200 342 v.1-11.
1241 275 1328 382 κ255
1404 239 1406 244 ’

837 399 847 426 Ι

123 441 312 508 in'homines
327 443 432 504 merita
446 443 506 505 vita
527 443 647 504 functos
664 413 795 506 Dictum
807 443 953 506 honorem
968 460 1030 504 essa
1043 453 1221 504 consecutos
1238 443 1328 524 atque

124 537 158 594 in
173 535 290 594 caelum
313 531 465 590 sublatos:
487 530 623 608 Augusto
642 533 846 598 auternetiam
861 529 933 589 vivo
952 549 986 588 sc
1001 530 1116 590 videnti
1133 531 1251 589 divinos
1264 529 1329 589 ho-
1441 556 1445 562 ’

105 622 108 628 ’
124 640 215 681 nores
229 615 336 694 tribui,
356 615 395 692 [v.
413 617 472 694 15]
494 614 642 674 Praesenti
657 609 788 696 (inquit)
800 615 856 676 tibi
871 618 1003 674 maturos
1018 612 1161 696 largimur
1175 613 1307 676 bonores.

172 735 177 741 ·
212 711 243 770 4.
267 703 546 769 Grsvrrusoua
567 701 731 782 Prae-rs]
754 699 1022 766 utot.11.lib.1.
1040 699 1154 781 [aaz]
1178 697 1330 781 Quogra-

125 803 174 851 ttes
188 787 294 851 Persae
308 784 411 846 melius
422 787 558 866 perirent.
736 785 738 792 ’
1075 795 1084 812 “’
1297 797 1300 806 ’

211 880 241 940 6.
264 875 290 934 Τ
296 893 342 933 un
350 871 430 950 rra]
453 871 585 930 refertur
603 871 641 932 ad
665 869 814 946 animum,
837 881 872 930 ut
890 870 948 930 Od.
960 889 1048 930 xxxr.
1067 870 1119 930 lib.
1137 877 1162 936 1.
1181 867 1257 952 [fin]
1276 874 1330 930 rt‘ec

85 993 86 996 ¹
126 973 238 1042 turpem
254 973 398 1019 senectam
412 956 529 1036 Degere.
553 966 583 1016 ct
602 955 791 1016 0d.xxxv11.
807 956 902 1041 eiusd.
918 955 958 1034 [v.
972 955 1014 1036 9]
1041 953 1250 1019 Contaminata
1263 977 1330 1016 cum

27 1065 34 1088 ⁴
123 1057 353 1210 {titillat
367 1039 1331 1206 {itit-“tticili·iiiiii⁵3¹.l‘'t.⁹‚l.·.l'”3.'2.lttss
1403 1177 1412 1194 ,

116 1211 232 1296 fuisset
249 1215 341 1294 trapis
361 1226 388 1271 et
400 1233 519 1274 excors.
543 1213 629 1293 epist.
650 1213 689 1276 ad
710 1213 833 1288 Quinct.
858 1217 920 1290 [16‚
936 1216 1001 1285 46.]
1024 1209 1329 1296 Introrsumuurpmr,

124 1294 509 1380 speciosumpelleclecora.
1008 1361 1010 1366 .
1037 1356 1041 1364 ,

140 1439 144 1446 ,
212 1388 242 1449 9.
263 1385 452 1446 Sarnaca
474 1381 605 1464 Meno]
631 1383 687 1442 sub
700 1403 770 1460 rege
784 1384 871 1442 Persa
887 1391 916 1442 et
931 1379 1052 1455 Partho,
1074 1389 1110 1439 ut
1124 1399 1212 1460 saepe
1226 1374 1309 1440 aliis.
1372 1423 1376 1430 .

214 1473 265 1534 10.
289 1470 540 1528 A‘ucturorruru
561 1490 604 1528 ra
626 1469 739 1548 unm]
754 1465 906 1528 ancilium
929 1489 946 1526 a
967 1477 1053 1527 recto
1071 1461 1168 1526 ancile
1183 1475 1247 1524 erat
1267 1465 1332 1522 usi·

125 1561 223 1612 tutum
238 1563 267 1614 et
280 1573 395 1615 verum.
437 1549 967 1633 Notumestautem,'anyciliu(quae
985 1549 1330 1629 ernut‘s‘cutaquaetlam
1374 1546 1423 1582 *‘

67 1665 75 1670 ·
118 1639 245 1714 bravia,
268 1659 393 1699 numero
415 1639 587 1716 duodecim)
610 1639 703 1698 fuisse
727 1639 759 1697 iri
781 1641 853 1698 neda
875 1640 979 1698 Martis
1004 1645 1139 1709 servata,
1163 1635 1329 1714 exquibus

98 1731 102 1740 ⁴
122 1741 220 1784 unum
239 1724 277 1784 de
291 1725 373 1784 caelo
388 1725 506 1804 lapsum
523 1744 588 1784 esse
607 1723 795 1798 credebatur,
816 1734 850 1783 ut
869 1724 975 1784 scribit
989 1723 1091 1782 Livius
1105 1722 1157 1780 lib.
1172 1728 1200 1785 t.
1215 1717 1328 1810 [affl]
1362 1793 1365 1804 y

100 1829 102 1834 ’
125 1810 168 1870 At
188 1807 272 1887 Virg.
290 1810 386 1870 omnia
407 1810 530 1870 Aeneid.
545 1815 575 1878 8.
593 1809 638 1888 [v.
656 1810 743 1889 664]
766 1807 893 1891 etlapsa
909 1807 1021 1870 ancilia
1040 1805 1121 1866 caela
1137 1803 1329 1866 Eatnderct:

125 1893 181 1954 ubi
198 1903 301 1954 tamen
314 1895 435 1956 Servius
448 1905 539 1970 notat,
553 1889 717 1973 *Virgilium
735 1915 857 1954 numero
873 1893 1075 1954 multitudinis
1091 1885 1257 1951 usum‘esse
1272 1911 1329 1971 pro
1372 1952 1375 1958 ,

127 1981 281 2059 singulari.
325 1983 369 2041 lle
389 1979 436 2039 his
457 1981 528 2042 vide
544 1981 666 2060 Dionys.
681 1980 779 2040 Helio.
792 1982 855 2060 βιβ.
869 1975 905 2060 β’.
923 1981 997 2059 buu.
1013 1972 1078 2060 α’ρχ.
1100 1987 1128 2036 et
1140 1979 1208 2036 Sex.
1223 1977 1328 2056 Pomp.

110 2065 159 2125 'in
186 2067 306 2126 nornine
325 2065 482 2128 Mamerti.
527 2065 647 2126 Dictum
672 2076 717 2126 est
739 2074 839 2124 autem
868 2063 967 2127 ancile
993 2064 1030 2123 ab
1042 2075 1127 2139 ‘amp
1149 2062 1231 2141 quod
1250 2061 1331 2120 idem

126 2151 264 2228 valebat,
286 2152 369 2232 quod
391 2153 514 2230 circum,
537 2161 567 2212 et
591 2149 692 2212 caedo.
715 2147 807 2230 idque
830 2149 1008 2210 confirmant
1030 2159 1060 2208 et
1078 2149 1147 2208 Sex.
1172 2147 1331 2228 Pompeius
1423 2165 1424 2172 ¹

128 2256 182 2312 eo,
205 2257 293 2314 quem
314 2238 394 2320 dixi,
416 2233 486 2296 loco
508 2247 538 2296 ct
559 2236 656 2295 Varro
671 2237 724 2296 lib.
740 2241 768 2301 6.
786 2235 823 2295 de
839 2236 910 2312 ling.
930 2235 995 2296 Lat.
1015 2233 1192 2308 hisverbis,
1215 2233 1256 2314 [p.
1276 2221 1328 2299 89.
1375 2287 1380 2298 ,

127 2322 178 2382 ed.
194 2319 274 2400 Bia]
298 2317 411 2380 ancilia
425 2317 508 2382 elicta
521 2307 559 2380 ab
573 2319 695 2397 amcisu,
711 2319 796 2406 quoti
805 2342 840 2378 ea
852 2341 938 2380 arma
952 2334 1034 2378 erant
1049 2315 1088 2378 ab
1103 2333 1226 2400 utraque
1235 2331 1330 2398 parte,

127 2421 160 2465 ut
182 2404 259 2487 pelte
285 2405 453 2481 Thracum,
481 2409 587 2468 incisa.
606 2405 685 2464 'nam
711 2403 858 2470 ameidere
880 2425 933 2463 scu
951 2401 1089 2462 ancirlere
1113 2403 1332 2462 circumcidere
1444 2463 1450 2472 ,

129 2501 192 2566 est,
214 2497 308 2570 coque
323 2490 418 2550 verbo
437 2494 536 2551 utitur
551 2492 668 2553 Lucret.
684 2491 737 2551 lib.
749 2495 778 2556 3.
793 2500 828 2549 ut
843 2489 962 2568 quidem
979 2489 1090 2564 legitur
1102 2489 1134 2546 in
1153 2487 1333 2566 quibusdam
1417 2507 1419 2514 ¹

130 2575 359 2654 exemplaribus,
375 2573 416 2654 [v.
426 2576 510 2657 660.]
536 2573 644 2640 Omnia
661 2579 720 2637 iam
740 2597 867 2634 seorsum
885 2596 982 2635 cernes
998 2575 1111 2634 ancisa
1125 2575 1231 2634 recenti
1248 2570 1283 2632 V
1279 2569 1333 2632 ul-

128 2683 196 2719 nere
214 2661 329 2720 tcrtari.
352 2661 403 2718 alii
418 2661 536 2743 ancylia
554 2653 661 2720 volunl
679 2683 741 2722 esse
767 2661 846 2720 dicta
870 2681 885 2719 n
907 2660 1026 2720 Graeco
1046 2658 1168 2717 nomine
1189 2650 1332 2735 α’γκύλον,
1392 2663 1396 2682 ¹

129 2745 212 2824 quod
227 2744 374 2824 significat
391 2766 527 2821 curvum,
541 2746 720 2811 rotundum:
743 2747 824 2826 quod
845 2747 870 2804 si
892 2743 1098 2824 probabimus,
1119 2741 1240 2828 ancylia
1254 2743 1332 2801 scri·
1400 2807 1405 2814 ,

1 2907 2 2914 ¹
127 2830 261 2890 bendutn
275 2833 331 2906 erit
346 2851 402 2912 per
414 2855 443 2913 y.
487 2831 558 2908 Atii,
579 2831 611 2890 in
628 2833 736 2910 quibus
753 2832 953 2915 unsri-vinc
971 2827 1069 2890 ancile
1083 2829 1196 2888 dictum
1214 2837 1355 2909 putant,-

129 2919 214 2996 qussi
237 2912 431 2997 ἆμφίχειλον,
448 2917 485 2995 id
506 2927 566 2992 est,
588 2917 723 2997 undique
749 2915 867 2976 labrum
890 2903 1021 2984 ltibens:
1052 2915 1104 2976 ulii
1126 2915 1211 2994 quasi
1238 2908 1332 2994 riual-

128 3007 248 3078 ttotlan,
270 3001 373 3078 idest,
394 2999 527 3082 undique
547 3023 663 3065 cavum.
708 3003 747 3080 le,
763 3023 851 3080 quem
868 3001 927 3060 iarn
946 3001 1186 3074 commemoravi,
1209 3001 1332 3060 Serviat

130 3088 267 3148 edilium
283 3088 384 3146 locunt
397 3089 479 3167 Virg.
493 3089 563 3150 Aen.
581 3089 632 3147 lib.
648 3093 677 3154 7.
694 3087 736 3168 [r.
755 3085 837 3165 188⁶]
855 3083 1000 3168 laevaque
1012 3084 1109 3148 ancile
1119 3083 1247 3167 gerebat,
1263 3105 1332 3146 cum

128 3173 227 3234 multa
240 3173 341 3233 tradat
356 3173 394 3233 de
408 3174 499 3233 ancili
513 3174 610 3246 Numa
624 3183 767 3252 regnante
782 3193 797 3232 e
813 3173 896 3231 caelo
911 3171 1045 3252 delapso,
1057 3179 1121 3230 tum
1134 3169 1215 3248 hunc
1231 3172 1332 3240 locum

128 3257 248 3326 Horatii
268 3259 393 3340 profert.
419 3269 448 3319 et
469 3259 601 3322 Macrob.
625 3259 678 3318 lib.
696 3265 722 3322 1.
747 3261 866 3318 Satura.
885 3279 950 3336 cap.
971 3265 1000 3322 4.
1024 3254 1084 3314 Seel
1104 3279 1169 3316 cum
1189 3253 1330 3336 legamus,
1431 3329 1439 3340 ¹

129 3340 270 3433 laesaque
289 3340 388 3404 ancile
407 3343 664 3425 gerebatstamen
686 3341 866 3404 anciliorum
886 3341 925 3401 ab
949 3339 1059 3403 Horat.
1083 3339 1207 3402 relatum
1220 3345 1280 3400 est.
1304 3348 1340 3400 e't.
1360 3369 1384 3414 y

129 3431 258 3503 nominis
276 3439 374 3510 autum
396 3431 512 3489 adiecta
531 3430 721 3509 copulatione
741 3441 768 3487 et
790 3426 1001 3489 exundantium
1024 3427 1129 3485 curavi
1145 3426 1333 3490 ‚auctoritato

63 3571 64 3574 ,
130 3515 226 3576 fretus
240 3517 308 3576 cod.
325 3515 443 3574 trainae.
457 3516 546 3577 Card.
562 3515 645 3578 Fuit.
659 3515 793 3574 Iannoct.
804 3514 896 3573 trium
910 3512 1005 3573 vatic.
1023 3513 1146 3571 Tornes.

195 3607 267 3682 stt.
290 3603 583 3670 Aerurnsnann
612 3597 782 3678 Vrsrsr]
807 3599 892 3658 cuius
914 3597 946 3658 in
963 3598 1036 3658 aede
1054 3595 1237 3668 servabatui‘
1255 3595 1333 3675 ignis

131 3693 280 3764 aeternus,
302 3695 333 3746 et
345 3685 460 3746 iccirco
476 3685 701 3747 'custodiebatur
716 3707 732 3744 n
745 3685 912 3764 virginibus
928 3684 977 3761 (ut
992 3681 1086 3744 tradit
1099 3683 1221 3761 Dionys.
1237 3681 1332 3742 Halia.

130 3771 182 3831 lib.
199 3777 232 3836 2.
251 3771 290 3854 [c.
304 3776 354 3837 66.
375 3793 407 3854 p.
421 3776 493 3838 376.
515 3791 545 3834 v,
564 3777 613 3837 13.
629 3769 674 3834 cd.
690 3769 803 3850 usian]
825 3773 901 3852 ῥωμ.
919 3763 997 3852 olax.)
1013 3763 1058 3832 ist
1074 3771 1137 3850 πῦρ
1152 3766 1210 3848 μὲν,
1222 3762 1334 3846 ciuiuu-
1362 3827 1366 3834 .

130 3877 199 3919 τον·
220 3855 375 3941 παρθένος
400 3852 434 3937 ῥ’
456 3853 619 3939 ἄφθαρτον
628 3849 641 3916 e'
657 3855 689 3915 id
713 3865 775 3932 est,
805 3857 875 3942 quin
898 3855 974 3933 ignis
998 3853 1118 3934 quidem
1139 3854 1334 3934 impollutum
1357 3859 1360 3869 ’

131 3941 276 4020 quiddam
296 3953 355 4004 eet:
378 3943 464 4022 virgo
484 3953 583 4002 sutem
597 3945 815 4022 incorruptum.
860 3941 950 4016 Quod
966 3939 990 3998 si
1007 3940 1084 4020 ignis
1100 3939 1153 3998 illc
1174 3939 1354 4020 aliquandor
1444 3947 1450 3958 '

129 4028 336 4088 interstinctus
359 4039 451 4089 esset:
472 4029 602 4106 virgines
623 4051 639 4088 a
657 4027 800 4108 pontifics
817 4027 993 4088 verberibus
1014 4025 1229 4088 alliciebantur.
1255 4025 1335 4103 Virg.
1401 4063 1404 4066 -

129 4111 184 4179 lib.
203 4118 233 4180 4.
251 4114 323 4174 Aen.
341 4114 382 4194 [r.
398 4117 482 4194 200.]
508 4111 627 4174 Centum
641 4135 712 4172 aras
728 4114 828 4194 posuit
847 4109 1022 4193 vigilemque
1040 4125 1211 4200 sacraverat
1229 4102 1335 4192 ignem,
1399 4131 1407 4156 ’-

10 4223 18 4237 *
130 4197 288 4260 Excubiae
307 4197 407 4260 cliuum
426 4214 567 4260 aeternas.
589 4219 646 4279 per
665 4212 814 4268 aeternam
841 4195 962 4257 Vestam
984 4195 1077 4274 igitur
1100 4190 1179 4273 ignis
1199 4195 1335 4256 aeternus

119 4283 343 4363 intelligendus
353 4295 417 4362 ¹test,
440 4290 501 4367 πῦρ
519 4281 678 4365 ἄσβεστον,
702 4289 791 4360 quem
806 4279 923 4363 vigilem
945 4283 1077 4364 nppellat
1091 4281 1173 4357 Virg.
1188 4281 1237 4340 ubi
1252 4290 1337 4341 notat

130 4367 206 4430 haec
220 4371 352 4432 Servius.
391 4367 473 4451 Quiri
486 4383 528 4430 est
541 4369 618 4451 ignis
630 4365 781 4450 peruigil?
801 4365 947 4430 excubiae
960 4361 1089 4427 deorum.
1127 4363 1170 4425 Et
1186 4363 1354 4436 sciendum,
1370 4403 1373 4420 ι
1395 4408 1402 4420 ·

127 4475 192 4514 non
207 4477 315 4518 uacare
334 4457 463 4532 ratione,
486 4470 524 4515 ut·
538 4457 570 4513 in
585 4447 734 4536 aliquibus
750 4451 866 4534 templis
881 4452 920 4511 sit
938 4453 1017 4546 ihrnis
1028 4447 1166 4535 peruigil.
1186 4473 1254 4510 nam
1269 4450 1353 4532 pot»

131 4553 235 4603 estates
254 4556 306 4602 aut
325 4556 455 4604 terrenae
472 4553 556 4616 sunt,
581 4553 767 4618 auraereae,
782 4553 843 4600 ‘aut
865 4535 1023 4602 aetberece.
1068 4536 1130 4599 Sed
1151 4539 1222 4622 quia
1238 4535 1337 4624 aetber
