2898 5052
159 273 203 343 44
425 231 427 236 ’
494 203 1018 372 ,Βοιιιιιοιιιιιιιι,’
1074 233 1078 310 '.

35 450 38 462 ¹
122 487 124 497 .
158 439 229 498 rrbm
247 457 283 498 ec
302 415 383 497 viani
400 419 544 510 instituit,
568 434 659 501 debet
676 427 764 498 ille''
743 458 781 498 ns
802 436 908 516 bouis,
930 455 1008 538 gnos
1025 455 1042 494 e
1057 433 1121 496 Diis
1138 432 1362 500 immortalibus

159 532 339 586 consecutus
354 532 413 601 est
435 523 506 584 frui.
528 523 601 584 ahos
614 543 691 582 emm
710 523 760 581 chr
774 519 848 582 llaut
862 524 955 583 venti.
977 519 1053 580 hoec
1070 521 1209 596 Pindari,
1233 543 1258 581 m
1250 522 1361 580 ordi

157 630 227 670 nem
248 606 406 684 immutes,
428 609 697 668 videbunturcum
712 608 884 690 Horationis
907 611 969 668 fere
992 615 1166 684 congruere.
1187 567 1249 666 lioc
1268 606 1361 666 modo

119 705 120 710 ’
157 695 321 761 Pindarus:
345 657 412 754 Nod
434 715 553 775 semper
571 695 662 754 ndens
679 704 750 754 sunt
763 704 922 756 ventorum
939 693 1027 752 flatus
1045 693 1188 752 etsentrs
1202 692 1360 772 pluvrshb

65 782 88 865 ''
158 801 194 838 sc
214 779 394 840 turbulentis
415 779 582 840 succedunt
603 780 670 856 alii,
694 780 745 857 qui
768 781 956 862 serenitatem
976 788 1006 838 et
1021 779 1273 857 tranquillitatem
1287 777 1362 836 alsc-

156 874 240 926 runt.
271 865 376 926 Horot.
397 865 501 924 Albus
519 877 553 924 ut
573 864 701 946 obrem-o
720 874 775 925 etc.
798 865 961 927 Pindarus:
984 865 1009 922 ei
1024 863 1091 943 quis
1106 864 1241 928 mortalis
1254 883 1362 926 nerem

155 952 237 1012 ritae
255 951 460 1011 traducendae
480 951 626 1012 rationem
648 953 745 1008 animo
768 949 1017 1032 comprehensam
1041 948 1148 1011 habet..
1179 949 1287 1008 Horat.
1308 970 1361 1006 sa-

108 1085 115 1109 ,
152 1039 247 1114 pirna.
269 1035 434 1102 Pindarus:
457 1036 579 1115 oporte't
594 1056 671 1112 enm,
688 1055 755 1094 cum
771 1037 873 1096 sinunt
889 1037 934 1094 llii
950 1035 1143 1104 immortales
1164 1034 1252 1102 bonis
1266 1054 1362 1112 quae-

157 1121 223 1182 sitis
243 1121 302 1180 frui
319 1131 349 1180 et
363 1122 493 1180 iucunde
508 1123 626 1198 virore,
649 1121 705 1180 sibi
727 1121 856 1201 denique
871 1123 947 1184 bene
965 1123 1073 1179 socero.
1097 1105 1169 1178 lior.
1184 1120 1280 1198 finire
1299 1141 1362 1176 me-

156 1217 255 1266 mento
281 1209 449 1265 iristitiam
469 1210 611 1286 vitaeque
633 1207 761 1268 iabores.
809 1209 907 1286 Atque
930 1205 1006 1266 haec
1030 1205 1184 1284 quidem
1175 1205 1286 1264 iccirco
1316 1205 1361 1263 ita

157 1292 287 1390 exposui
304 1303 334 1354 et
352 1311 447 1372 paene
467 1293 563 1352 oculis
581 1292 712 1364 subieci,
735 1301 769 1352 ut
790 1293 939 1370 intelligat
958 1291 1140 1366 adolescens,
1157 1289 1360 1388 quemadmo-

157 1369 230 1438 diun
245 1377 306 1436 sint
320 1379 407 1438 nobis
420 1378 557 1438 imitandi
570 1377 720 1436 interdum
734 1387 851 1438 veteres
864 1384 971 1460 potitae
988 1385 1019 1436 et
1037 1377 1125 1436 ceteri
1142 1376 1381 1456 scriptores..

243 1465 292 1530 15.
316 1463 546 1542 burenses]
584 1461 712 1544 detergit
742 1463 863 1544 quidem
892 1461 991 1543 reperi
1015 1461 1159 1540 scriptum
1183 1461 1214 1520 in
1238 1461 1360 1520 duobus

156 1547 244 1608 libris
267 1549 382 1608 celemo
399 1549 521 1628 scriptis
535 1550 610 1606 llon.
631 1559 661 1606 et
677 1549 760 1608 Foc'r.
777 1548 828 1608 sed
844 1546 975 1628 deterget
993 1557 1090 1606 tamen
1111 1547 1251 1626 reposui,
1274 1567 1361 1606 secu·

157 1645 208 1693 tus
226 1635 278 1693 lib.
295 1640 326 1698 2.
348 1634 509 1694 Vaticanus
522 1643 556 1705 ¹et
570 1634 670 1692 Ursini
692 1643 721 1694 et
737 1635 860 1698 Tornes.
901 1634 936 1693 In
959 1633 1060 1694 eodem
1076 1632 1286 1710 coniugatione
1298 1629 1374 1692 boa'

157 1719 251 1778 verbo
266 1739 338 1778 usus
354 1729 397 1779 est
407 1722 459 1778 Sot
460 1741 505 1799 yn
521 1725 550 1784 2.
566 1719 618 1778 111ιζ
633 1726 662 1786 2.
683 1717 759 1798 [24]
781 1722 851 1778 Hoc
859 1722 977 1799 potius,
1000 1733 1096 1800 quum
1105 1719 1230 1798 gallina
1247 1729 1361 1796 tergere

154 1804 309 1884 paldtum.
332 1805 375 1864 sic
391 1807 511 1866 lucret.
531 1805 743 1884 111ι.4[.250]
765 1801 810 1874 Et
822 1808 915 1885 quasi
928 1815 1079 1886 perterget
1090 1825 1170 1882 prepi
1165 1803 1248 1877 las,
1266 1815 1360 1884 rupere

158 1893 206 1954 ita
226 1893 349 1968 transit,
372 1902 402 1952 et
421 1891 513 1972 paulo
534 1899 612 1971 post.
636 1889 732 1971 [254]
755 1893 797 1948 Et
812 1901 932 1950 nostros
953 1891 1057 1949 oculos
1072 1900 1223 1970 perterget
1237 1889 1359 1970 longior

158 1997 250 2038 aura.

245 2066 296 2128 16.
319 2061 457 2132 Neque
476 2075 680 2122 rnnaunrr
701 2081 862 2122 rnsners
884 2060 994 2120 Psnr.
1004 2057 1019 2139 ]
1043 2059 1164 2120 tralatio
1183 2081 1200 2118 o
1221 2059 1359 2118 mulieri-

156 2148 213 2206 bus
230 2148 362 2226 gravidis
383 2147 421 2212 sd
441 2157 562 2208 ventum
577 2147 713 2226 pluvium
727 2167 791 2224 ,seu
805 2145 910 2208 nubeis
928 2147 1029 2224 pluvio
1051 2143 1198 2220 gravidos.
1214 2146 1277 2226 ‚elia
1294 2155 1358 2204 tra-

154 2233 228 2292 letio
247 2243 294 2292 est
312 2233 438 2314 epistola
456 2233 493 2296 od
501 2233 660 2310 Pisonem,
676 2229 775 2312 [139]
796 2234 984 2292 Parturiunt
998 2243 1128 2294 moratos:
1151 2226 1360 2290 33313133νὶ-

155 2317 279 2376 diculus
298 2340 374 2380 mass

126 2431 144 2442 ·=
242 2407 291 2468 19.
315 2394 444 2460 hlouur
466 2407 587 2500 neno]
610 2401 715 2480 1113311
732 2404 873 2482 (133331
877 2399 999 2481 .[341.]
1034 2401 1356 2482 Tuncagnipr'ngnes,

155 2463 229 2546 tunc
242 2497 314 2543 sunt
328 2487 544 2546 mollissima
525 2478 605 2545 silea.
629 2489 685 2546 -sic
703 2489 860 2548 Gracci
832 2509 951 2564 vinum,
973 2485 1054 2565 quod
1072 2485 1111 2544 od
1132 2498 1237 2566 potum
1253 2497 1358 2545 matu·

43 2589 44 2595 ¹
154 2591 222 2645 rum
239 2581 299 2645 est,
323 2571 465 2666 quodque
483 2581 601 2652 gratum
617 2581 647 2633 et
667 2575 781 2634 mitem
778 2595 927 2655 saporem
946 2581 1041 2633 aetate
1060 2571 1198 2652 collegit,
1221 2568 1358 2653 petendu

156 2675 195 2734 ep
219 2656 320 2716 ellnnt

195 2681 216 2738 p
245 2747 294 2805 19.
324 2761 411 2804 seu
421 2761 465 2800 re
499 2761 727 2802 rancenti-rs
755 2744 900 2817 s1cn1s]
929 2743 993 2802 sive
1018 2743 1153 2811 militiae,
1184 2742 1249 2802 sive
1276 2740 1358 2802 domi

154 2833 224 2886 tuae
236 2827 303 2886 eris.
327 2826 402 2888 de
379 2828 469 2906 signis
483 2827 662 2888 militaribus
677 2829 809 2888 dicemus
824 2830 950 2890 sortasse
965 2827 1035 2890 alibi
1050 2829 1204 2888 36333113.

149 2922 154 2933 ’
241 2907 292 2990 21.
315 2912 972 2997 ’13333383333ι3333333ι3333]
996 2917 1112 2974 Teucer
1128 2923 1158 2974 et
1176 2914 1253 2976 Aiax
1270 2913 1357 2974 Tela.

60 3071 63 3082 .
154 2997 273 3058 monins
296 2998 403 3058 iratres
425 2999 547 3059 fuerunt
563 2993 754 3081 ὁμοπάτριοι,
784 3000 837 3060 sed
861 3021 921 3060 non
942 3001 1096 3060 exesdem
1118 3010 1224 3064 matre.
1280 2999 1357 3058 Nam

155 3085 272 3144 Teucer
285 3104 323 3143 ex
340 3084 472 3159 Hesiona
488 3084 696 3144 Laomedontis
713 3085 785 3162 filio,
807 3085 915 3144 Priami
930 3107 1031 3145 sorore
1053 3085 1180 3164 captivo,
1197 3095 1357 3164 susceptus

156 3178 216 3248 est:
238 3168 314 3228 Aiax
330 3178 428 3230 nutem
449 3191 487 3230 ex
500 3171 655 3230 Periboea.
676 3172 735 3230 iam
752 3171 894 3231 Telamon
914 3181 944 3231 et
960 3172 1065 3230 Peleus
1083 3169 1174 3230 becci
1195 3179 1225 3229 et
1238 3171 1359 3230 Endei-

156 3255 213 3315 dos
228 3253 290 3328 filii,
308 3254 409 3317 Phoco
426 3254 577 3316 Peanrethi
589 3255 834 3332 filioflinterfecto,
857 3257 968 3335 Aegina
986 3258 1149 3338 profugere
1164 3256 1260 3314 coacti
1275 3265 1356 3332 sunt,

155 3341 266 3418 illeque
281 3340 447 3416 Salamina,
470 3339 521 3405 hic
537 3343 569 3402 in
584 3340 766 3402 Thessaliam
780 3363 812 3403 se
829 3344 966 3404 contulit.
1016 3342 1131 3404 Teucer
1153 3341 1247 3418 igitur
1266 3341 1356 3401 Troia

122 3465 130 3488 ι
156 3431 260 3486 eversa
276 3446 343 3486 cum
363 3426 394 3486 in
417 3427 544 3526 patrium
559 3447 699 3488 reversus
719 3429 801 3508 patri
818 3429 850 3486 in
866 3428 1066 3509 suspicionem
1086 3427 1125 3486 de
1140 3427 1237 3486 hiscis
1252 3437 1357 3488 morte

154 3511 302 3585 venisset,
324 3513 449 3592 epatris
464 3521 627 3593 conspectu
640 3533 703 3572 sese
720 3513 809 3594 longo
827 3515 965 3588 removit,
988 3513 1119 3614 3133313
1134 3512 1267 3592 Cyprum
1282 3533 1356 3590 pro

154 3597 252 3675 iectus
269 3607 330 3673 est,
351 3597 404 3656 ubi
418 3598 540 3658 alteram
556 3598 704 3658 Salamina
720 3599 855 3659 condidit
872 3599 1036 3660 eiusdem
1018 3599 1145 3676 nominis
1141 3607 1254 3682 atque
1268 3598 1356 3658 illam

153 3681 287 3762 priorem
307 3684 338 3742 in
357 3683 453 3744 Attice
471 3684 566 3743 sitam.
588 3684 671 3762 quod
689 3694 719 3743 et
730 3685 877 3747 Isocrates
897 3694 1001 3745 narrat
1017 3685 1050 3744 in
1065 3673 1202 3744 oratibne
1214 3681 1252 3742 ed
1270 3684 1357 3744 Eue-

153 3787 218 3844 gor.
235 3762 277 3872 [p.
295 3774 364 3836 192.
379 3769 427 3829 ed.
444 3767 561 3870 steph]
577 3767 626 3828 bis
643 3770 753 3846 verbis,
784 3775 914 3848 Τεῦκρος
928 3765 1042 3871 ἐπειδὴ
1053 3775 1163 3852 Τροΐαν
1177 3771 1355 3847 ξυνεξεῖλεν,

155 3847 353 3958 ἆφικόμενος
355 3854 399 3928 εἷς
413 3848 552 3937 Κύπρον,
574 3847 732 3962 Σαλαμῖνά
750 3879 781 3918 τε
798 3853 962 3940 empiricen
978 3850 1140 3936 ὁμώνυμον
1153 3848 1285 3934 ποιήσας
1299 3859 1356 3936 τῆς

153 3961 298 4021 προιερον
313 3963 395 4002 eorm
383 3935 606 4021 πατρίδος
568 3959 660 4019 ovone
675 3951 733 4002 etc
759 3941 800 4006 Μ.
810 3940 977 4012 Tulliusz.
1001 3943 1039 4002 do
1055 3951 1174 4002 oratore
1190 3939 1253 4020 [46,
1268 3941 1353 4021 t93.]

152 4026 271 4104 profert
283 4024 400 4104 aliquot
415 4026 538 4086 Pacuvii
554 4045 660 4086 versus
679 4027 716 4088 de
730 4023 788 4086 hac
807 4027 975 4088 Telamonis
991 4026 1088 4086 falsa
1080 4047 1112 4086 ιιι
1131 4027 1281 4085 Teucrum
1298 4047 1356 4086 su-

153 4111 302 4190 spicione,
324 4131 377 4170 seu
386 4113 449 4186 ire,
465 4109 547 4190 quod
562 4113 663 4172 fratris
679 4108 806 4174 mortain
820 4114 903 4174 ultus
919 4134 978 4180 non
999 4121 1091 4184 esset,
1113 4113 1277 4191 Segregare
1297 4111 1355 4172 ebe

90 4191 93 4205 '
154 4207 183 4254 te
198 4217 310 4273 ausus,
334 4207 391 4255 aut
403 4199 469 4256 sine
483 4197 539 4256 illo
552 4199 720 4258 Salamina
735 4198 877 4277 ingredi?
902 4201 1005 4280 Neque
1019 4209 1183 4278 paternum
1197 4208 1354 4276 aspectum

129 4299 134 4308 ’
155 4301 185 4340 ee
203 4281 341 4342 veritus?
364 4305 458 4362 quemx
473 4294 572 4342 aetate
588 4295 697 4342 exacta
717 4281 862 4364 indigum
883 4287 1030 4346 Liberum
1049 4285 1202 4359 lacerasti,
1225 4281 1353 4356 ortasn,

120 4411 122 4416 ,
155 4371 311 4442 extimsti,
338 4389 434 4450 neque
446 4369 567 4446 fratris
586 4370 685 4446 necis,
710 4371 812 4450 Neptu
831 4374 924 4450 gnati
944 4372 1009 4430 eius
1024 4370 1135 4450 pomi,
1164 4369 1220 4448 qui
1237 4367 1297 4426 tibi
1320 4371 1355 4428 in

155 4454 284 4516 imitant
299 4466 343 4512 est
358 4453 517 4514 traditus?
534 4466 590 4518 etc.
612 4451 670 4515 bsc
686 4455 788 4518 eedem
805 4455 843 4516 de
856 4477 889 4516 rs
904 4457 937 4522 G.
954 4455 1085 4516 Velleius
1105 4455 1280 4514 Paterculus
1300 4453 1352 4514 lib.

0 4609 1 4612 ,
51 4621 53 4626 Ι
155 4539 191 4620 [1,
209 4541 238 4616 l,
256 4537 296 4619 1.]
332 4559 422 4619 quem
443 4540 544 4603 losum
576 4542 713 4622 quemvis
737 4543 869 4623 proterat
890 4543 1039 4616 tim-etus,
1069 4540 1215 4601 ascribam
1242 4550 1351 4602 temen.
