2894 5052
6 3921 17 3962 ¹„
145 3905 233 3965 quam
244 3884 286 3942 od
300 3903 362 3944 eam
380 3903 417 3942 oc

133 251 245 316 aaa
321 329 328 340 .
496 233 953 322 aonarnoaanntt.

130 419 184 498 qui
199 373 335 496 magnam
356 415 419 476 rim
440 411 509 474 auri
529 419 561 471 et
582 407 696 486 argenti
720 415 858 488 apectere
877 385 972 490 poeait
992 391 1091 466 oculi'a
1111 401 1277 478 irretortis,
1297 401 1330 462 id

132 501 196 580 eat,
216 502 270 582 qni
282 505 427 582 pecuniae
445 495 650 575 magnitudine
670 493 708 554 de
729 494 857 554 coneilio
878 501 1019 574 auecepto
1039 510 1075 549 ec
1092 491 1250 570 proposito
1270 507 1333 546 oon
1440 479 1441 522 ³

132 589 317 664 deducatur,
344 586 396 666 qui
416 582 573 665 pecuniam
595 587 783 652 contemnet,
814 579 868 660 qui
888 577 995 640 lrabeat
1015 575 1145 634 animum
1168 595 1184 632 a
1204 573 1335 652 pecunia
1440 581 1441 604 ³

71 675 76 696 ⁸
121 675 356 751 incorruptum,
376 670 542 747 integram,
562 665 720 726 invictum.
764 665 818 732 Eat
837 663 915 724 eninr
937 653 993 746 (ut
1012 658 1096 740 dixi)
1118 659 1274 718 translatio
1295 657 1333 718 ab

132 757 289 828 oculorum
307 755 432 816 uanitate
445 763 475 814 et
489 753 660 830 integritate
684 749 722 809 ad
743 749 833 810 animi
856 747 1087 827 magnitudinem
1105 753 1136 804 et
1156 743 1336 806 caetitatem.

75 907 81 914 ,
132 838 234 903 Utitur
249 842 353 902 eadem
368 838 563 900 rimilitudiue
579 837 621 898 hl.
634 835 713 899 Tull.
730 833 761 894 in
784 836 871 914 epiat.
892 833 1020 913 quadam
1039 830 1098 910 [ep.
1113 833 1174 908 tu]
1197 829 1235 886 ad
1250 829 1336 888 Bru-

133 939 206 1004 tum,
227 927 314 987 cuiue
326 923 445 985 initiam
460 933 516 1000 eat,
539 918 612 982 Gom
626 943 712 1002 saepe
726 933 754 980 te
767 917 872 980 litteris
886 930 945 980 etc.
967 915 1144 997 aignificane,
1162 911 1336 992 periculum

133 1033 215 1089 erae,
235 1032 272 1072 ne
287 1011 402 1071 animata
416 1006 576 1069 Octaviani
597 1008 771 1066 vincutum
794 1006 895 1083 apeoio
916 1002 1040 1063 bonoria
1055 1001 1141 1076 falae,
1162 998 1210 1058 bia
1222 999 1337 1074 verbio,

136 1096 263 1158 Videtur
275 1098 350 1156 enim
365 1097 396 1156 in
412 1117 445 1158 ee
466 1117 527 1154 eece
545 1088 676 1167 indoleo,
698 1087 750 1150 aed
762 1087 910 1168 flexibilia
932 1105 1027 1162 ortae,
1050 1082 1192 1166 multique
1212 1081 1255 1142 ad
1277 1082 1360 1160 deu,

131 1179 316 1264 precandum
329 1181 444 1261 parati,
466 1180 518 1262 qui
533 1173 688 1257 splendore
703 1171 783 1260 salai
798 1173 919 1234 honorio
940 1173 1053 1235 obiecto
1075 1172 1169 1231 aciem
1192 1165 1262 1228 boni
1280 1171 1338 1228 in-
1440 1227 1441 1230 ,

6 1273 9 1282 ’
131 1269 211 1348 pmii
222 1266 407 1346 praestingat·
423 1285 507 1347 poree
520 1257 682 1338 confidant.
726 1259 927 1333 Quamobrem
950 1269 1049 1318 autern
1068 1253 1151 1340 opali
1173 1253 1339 1333 splendore
1440 1263 1441 1312 ἕ

108 1411 110 1419 Α
133 1351 341 1422 offendantur,
364 1351 528 1427 elegantem
539 1345 641 1406 reddit
655 1345 803 1406 rationem
816 1344 975 1404 Lucretius
996 1342 1051 1406 lib.
1064 1345 1095 1407 4.
1117 1340 1157 1421 [v.
1175 1339 1238 1405 325
1255 1337 1337 1420 sqq]
1440 1379 1441 1392 r

135 1433 301 1519 Splendida
310 1455 402 1516 porro
419 1430 645 1514 ocalifrgitunt
657 1431 810 1512 vitantque
825 1429 908 1492 tueri.
953 1426 1011 1488 Sol
1024 1428 1112 1487 etiam
1129 1439 1241 1500 caecat,
1263 1447 1340 1486 con-
1409 1459 1415 1467 ·

134 1535 182 1580 tra
199 1523 227 1581 ai
246 1517 361 1580 tendere
385 1539 509 1600 pergae,
536 1514 710 1596 Propterea,
738 1515 810 1597 qaia
828 1516 874 1574 uia
898 1535 1014 1596 magna·
1032 1525 1075 1572 eat
1095 1511 1202 1592 ipaiaa,
1225 1495 1258 1568 xrt
1277 1507 1341 1570 alte

133 1604 295 1688 A'e‘rq‘per
315 1627 420 1684 purum
438 1604 570 1685 graviter
589 1595 925 1681 simulacra'ferantar,
946 1595 986 1657 Et
997 1597 1117 1682 filiunt
1143 1591 1245 1654 oculor
1267 1609 1342 1652 tue·-

73 1683 77 1690 ’
136 1687 249 1750 bantia'
262 1689 485 1770 composituros.
529 1684 685 1745 Praetereo
703 1680 843 1764 splendor
867 1685 1043 1766 quicumque
1061 1694 1103 1740 eat
1121 1695 1208 1754 acer,
1237 1677 1342 1738 adurit
1438 1689 1441 1742 l

73 1772 77 1801 ¹
135 1771 228 1854 Saepe
241 1771 362 1846 oculor,
383 1767 449 1831 ideo
463 1767 544 1853 qaod
559 1769 671 1828 ermina
688 1764 820 1853 ppaaidet
841 1767 919 1847 ignia
937 1765 1057 1843 Multa,
1088 1762 1220 1825 delorem
1243 1761 1342 1824 ecclia

134 1879 212 1940 qaue
228 1859 352 1939 gignunt
365 1852 553 1916 indulcanda.
598 1851 690 1925 Quod
711 1859 810 1912 autem
825 1851 982 1912 Turnebue
1005 1851 1047 1910 ita
1060 1849 1141 1908 bunc
1155 1847 1260 1908 'locum
1280 1868 1343 1907 ex-

75 1953 77 1958 ·
134 1943 247 2038 plicat,
278 1939 418 2023 Oreiaqm'a
437 1939 577 2018 ingenteia
596 1935 685 2002 oculo
706 1939 756 1996 irr.
781 1935 833 2017 Sp.
856 1959 903 1999 ac.
924 1937 1037 2011 idest,
1059 1933 1195 2015 quiaquia
1215 1941 1343 1994 nonest

135 2047 261 2110 avorqa,
282 2043 340 2084 nec
356 2032 482 2100 repectu
504 2021 651 2102 pecuniae
673 2030 828 2082 moretur:
842 2022 1040 2101 ¹pleneiclem
1063 2030 1154 2108 etque
1174 2019 1343 2095 agnouerit

135 2111 271 2190 nihilque
286 2109 415 2191 marein
437 2128 473 2168 eo
494 2107 663 2187 discrepat3
686 2106 739 2167 aed
764 2127 833 2167 cum
852 2106 954 2184 addit,
978 2128 1047 2166 nam
1070 2127 1123 2188 qm
1138 2105 1343 2182 paeonicum
1440 2099 1441 2104 ’

66 2199 72 2209 ’
136 2193 242 2257 uvidae
254 2209 281 2254 et
297 2191 460 2267 studiosae,
481 2189 523 2252 acl
544 2193 605 2250 eine
625 2213 745 2252 aceruos
761 2189 886 2250 subinde
908 2205 1058 2273 retorquet
1071 2187 1174 2250 oculos
1192 2211 1230 2248 ac
1250 2209 1344 2269 poene

136 2279 254 2342 etrodua
269 2279 411 2366 efficitur,
434 2275 544 2336 necaic
561 2272 599 2334 ab
622 2295 657 2332 eo
678 2271 767 2335 anelli
784 2289 897 2355 potest,
920 2277 991 2357 quin
1013 2272 1116 2335 oculor
1137 2285 1344 2352 saepenumero

138 2361 282 2441 reflectat,
304 2361 575 2441 ureamcepiciat:
607 2379 690 2434 cunt,
722 2359 861 2438 inquam,
882 2358 957 2420 baec
978 2358 1080 2432 addit,
1103 2377 1203 2416 aenea
1222 2366 1346 2416 centen-

137 2443 180 2502 tia
199 2442 371 2519 longieaime
395 2443 524 2502 discedit
542 2453 572 2502 et
594 2444 624 2502 in
645 2457 833 2504 communem
860 2445 987 2504 aliorum
1017 2443 1180 2502 multorum
1212 2459 1345 2500 errorem

137 2529 317 2588 revolvitur.
360 2527 499 2588 Itaenim
518 2528 640 2603 dicunt,
663 2547 746 2600 eum,
769 2529 825 2608 qui
846 2528 962 2606 aliquid
984 2527 1097 2586 inritue
1124 2527 1270 2605 relinquit
1292 2535 1346 2585 eut

89 2638 93 2650 =
139 2613 253 2692 aliquid
268 2610 458 2672 vehementer
470 2611 675 2691 concupiscit,
697 2611 862 2673 identidem
880 2613 918 2672 ed
932 2613 1008 2672 illud
1032 2613 1137 2672 oculos
1158 2621 1344 2690 retorquere.
1440 2657 1441 2664 ,

139 2699 220 2758 Esto.
251 2697 311 2758 Sed
328 2695 475 2775 quidhoc
491 2697 531 2755 ad
545 2695 636 2756 huiua
649 2697 709 2756 loci
723 2697 954 2776 explicationem
967 2697 1118 2776 pcrtinetl
1141 2695 1243 2756 Nihilo
1264 2697 1345 2773 plue,
1440 2695 1441 2712 ³

141 2803 229 2861 quam
247 2781 399 2860 exempla,
422 2801 500 2858 quae
516 2781 676 2859 colligunt:
698 2781 776 2842 nihil
797 2784 921 2842 enimin
946 2785 988 2842 eia
1011 2793 1073 2858 eat,
1097 2781 1178 2862 quod
1200 2781 1238 2852 ad
1261 2779 1347 2840 hanc
1440 2841 1441 2852 ,

139 2869 241 2928 locum
256 2865 477 2928 accommodari
494 2867 597 2944 poerit.
641 2865 702 2925 Alii
716 2867 794 2928 enim
809 2868 922 2948 Orphei
940 2869 1111 2948 exemplum
1127 2867 1273 2940 allerunt,
1294 2867 1347 2926 cui

142 2952 282 3014 cumbae
296 2951 361 3030 lege
382 2959 458 3010 eaeet
481 2970 559 3010 uxor
573 2950 710 3030 reddita,
732 2961 766 3010 ut
785 2961 961 3033 sequeretur
980 2955 1030 3012 illa
1049 2953 1188 3030 a'tergo,
1211 2951 1348 3032 praeiret

140 3040 222 3116 ipae,
243 3055 341 3115 neque
357 3035 461 3094 oculoa
479 3035 517 3094 od
536 3056 599 3096 eam
614 3045 818 3116 retorqueret,
840 3039 874 3098 id
894 3047 952 3114 cat,
974 3059 1070 3116 neque
1086 3059 1149 3098 eam
1172 3040 1346 3116 respiceret,
1440 3033 1441 3046 ¹

27 3186 32 3192 ,
140 3097 193 3183 ille
220 3119 357 3196 Renr'rie,
384 3117 608 3204 Eortrlioemque
636 3143 720 3180 auum
741 3123 801 3182 eham
824 3120 889 3184 luce
914 3121 968 3182 arb
989 3125 1056 3204 ipra
1078 3119 1250 3197 Immemor,
1279 3121 1347 3198 laen,

81 3269 85 3276 ,
140 3209 291 3288 victaeque
301 3205 399 3264 enimi
412 3207 558 3292 respexit:
580 3201 623 3265 idi
638 3207 734 3266 omnio
747 3205 869 3290 Efficere
890 3203 975 3268 labor
982 3255 993 3283 ,
1015 3222 1103 3288 utque
1123 3208 1243 3267 immitia
1258 3221 1348 3286 rupta

141 3293 259 3373 tyranni
270 3286 412 3362 Foedera,
433 3304 530 3370 terque
535 3289 652 3374 fingor
667 3293 781 3371 stagnio
796 3284 917 3352 auditur
931 3291 1046 3352 Auerni
1061 3302 1119 3356 etc.
1163 3291 1223 3350 Atii
1237 3292 1350 3370 Catili-¹

142 3395 198 3436 nae
211 3374 380 3454 exemplum
396 3375 562 3454 proterunt,
587 3377 649 3453 qui,
664 3396 731 3436 cunr
747 3396 786 3436 ex
809 3375 884 3438 urbe
900 3376 1013 3437 eiectus
1027 3387 1113 3452 earet,
1135 3377 1241 3436 oculor
1255 3397 1348 3458 caepe
1440 3435 1441 3442 ,

144 3461 182 3538 ad
196 3481 260 3522 eanr
281 3460 404 3535 urbem,
434 3460 664 3538 quamrinvitua
690 3461 871 3539 reliqueret,
899 3461 1072 3522 reflectebat
1087 3483 1122 3522 ac
1143 3462 1353 3538 retorquebat,
1440 3475 1441 3478 ’

142 3537 267 3625 eamque
282 3566 320 3605 ex
334 3546 395 3604 auis
408 3543 546 3610 faucibus
560 3555 692 3624 ereptam
708 3565 772 3606 eoae
791 3547 922 3624 lugebat.
965 3546 1089 3607 Addunt
1112 3559 1142 3608 et
1156 3546 1256 3606 Ovidii
1277 3566 1348 3606 ver·
1440 3573 1441 3600 l

142 3651 209 3692 aum
224 3631 324 3690 nereio
339 3650 399 3710 quo
416 3651 454 3690 ex
473 3629 566 3704 libro,
588 3629 669 3709 [liet.
684 3651 731 3706 tn,
746 3630 810 3710 68.]
834 3628 892 3694 tlte
906 3626 1115 3712 doloreserooe
1128 3646 1216 3714 copae
1238 3633 1273 3691 in
1290 3652 1348 3692 aaa

143 3719 225 3796 tergo
241 3717 365 3774 retorsit.
407 3715 467 3774 Sed
482 3712 555 3774 boec
573 3715 707 3793 exempla
730 3713 807 3774 nihil
822 3715 953 3788 babent,
978 3717 1060 3794 quod
1083 3716 1155 3778 huic
1176 3717 1245 3776 loco
1265 3738 1347 3776 con-

143 3800 273 3860 veniat..
295 3799 371 3858 Nam
391 3818 489 3944 nqque
504 3797 644 3878 Orpheae
666 3819 789 3860 uxorem
809 3821 892 3860 auam
907 3801 1078 3880 Eurydicen
1101 3801 1257 3881 spectabat
1278 3812 1348 3862 ente
1440 3843 1441 3850 κ

452 3903 484 3942 oa
499 3885 635 3959 retorsit,
658 3885 709 3946 aed
733 3905 802 3945 cum
823 3886 1031 3962 antecederet,
1053 3882 1217 3966 oculosque
1238 3886 1277 3950 ad
1300 3907 1349 3959 ea,

144 3990 222 4050 quae
236 3979 304 4030 aute
322 3969 413 4048 pedes
429 3978 527 4043 erent,
538 3968 654 4029 'vereor
670 3969 809 4046 baberet,
832 3973 989 4032 immemor
1009 3971 1188 4032 conditionis
1210 3981 1240 4032 et
1261 3972 1348 4060 legia,

6 4021 7 4050 l
35 4075 42 4084 ·
145 4055 199 4114 aab
216 4073 274 4132 qua
289 4053 388 4113 fuerat
402 4053 458 4114 eibi
473 4055 698 4128 uxor-reddita,
720 4058 751 4116 iu
764 4075 890 4128 uxorem
911 4077 989 4135 pone
1009 4065 1181 4134 aequenterit
1204 4067 1298 4136 caput
1318 4065 1350 4118 et
1440 4059 1441 4064 ’

75 4159 77 4164 ’
125 4139 394 4224 ιὀσιιΙοΗόῐόιἹιίι
437 4139 487 4196 Sic
501 4137 627 4200 Catilina
644 4161 711 4202 curu
726 4140 832 4200 urbem
846 4142 959 4202 invitus
974 4142 1145 4221 reliquisset
1159 4143 1270 4220 viaque
1286 4143 1350 4204 bu·
1440 4141 1441 4216 l

145 4225 219 4286 relia
234 4225 266 4284 in
280 4233 376 4284 caatra
392 4220 549 4283 Manliana
564 4223 822 4304 proficisceretdr,
844 4245 921 4305 quae
937 4227 1054 4286 Feralia
1072 4235 1174 4303 erant,
1197 4227 1301 4286 oculor
1317 4229 1350 4288 in
1440 4259 1441 4276 κ

146 4310 296 4376 Etruriam
308 4329 412 4388 vereor
427 4307 572 4390 hahebat,
597 4310 702 4370 urbem
726 4331 742 4370 a
764 4321 849 4390 tergo
872 4311 1077 4391 relinquebat:
1098 4313 1130 4370 in
1146 4331 1252 4390 quem,
1273 4333 1352 4392 pro·
1385 4335 1388 4340 ·
1440 4301 1441 4370 i

117 4421 124 4426 ·
146 4405 250 4473 pterea
265 4393 344 4472 quod
363 4413 445 4469 eam,
468 4401 503 4454 ut
517 4393 662 4472 cupierat,
675 4415 736 4456 oon
752 4395 936 4471 incenderat,
961 4415 1049 4476 caepe
1065 4398 1171 4457 oculor
1183 4407 1352 4477 retorque-
1440 4423 1441 4472 1

15 4544 21 4564 ι
136 4481 207 4582 bat.
240 4479 322 4540 Idem
335 4478 439 4580 deillo
455 4479 605 4542 Ovidiaoo
622 4495 711 4564 capet
725 4481 757 4542 in
777 4501 833 4554 aaa
855 4495 938 4566 terga
959 4495 1138 4566 retorqueam
1153 4482 1215 4544 dici
1236 4491 1350 4565 puteat.
1440 4505 1441 4528 r
