2894 5052
104 286 109 297 Ι

242 281 409 387 nonsru
429 281 614 348 cunnus.
657 269 728 348 ut.
749 283 789 346 u.
832 285 895 346 on.
917 283 940 346 1.
984 276 1166 354 v.1-'1s.
1240 289 1299 352 151

185 460 218 521 5.
248 457 497 525 aasrers'oos
517 455 741 516 Parrcrenu
761 455 883 536 sura]
905 455 1036 536 primam
1056 455 1090 518 L.
1112 455 1226 532 Crassi,
1248 455 1302 516 Cn.

97 539 254 624 Pompeii,
276 541 308 598 C.
326 540 477 616 Caesaris,
500 541 609 602 deinde
627 542 800 616 Octaviani,
821 542 860 600 Μ.
875 541 998 620 Lepidi,
1020 541 1060 604 tl.
1075 539 1206 603 Antonii.
1303 566 1309 580 ¹

185 629 217 692 5·
240 626 268 686 N
276 643 410 693 orpora
431 645 509 688 uxr.
533 627 675 706 uacus]
699 649 782 688 erma
799 627 942 705 sanguine
956 626 1049 702 civili,
1069 629 1155 687 ouius
1169 625 1304 686 noudum

98 729 215 791 poenae
245 711 364 769 ararites
387 711 513 784 luimus,
533 711 646 788 oblito,
668 733 749 775 arare
772 711 872 772 adhuc
897 723 1021 774 cruenta
1044 713 1187 790 sanguine
1206 712 1302 786 civili,

99 787 271 873 nequedun‘r
286 795 385 874 alique
402 796 571 876 expiatione
587 817 664 877 pure
677 799 791 860 effecto.
834 795 964 858 Videtur
979 807 1114 878 spectare
1130 797 1168 858 ud
1190 817 1302 858 morem

100 890 237 940 veterum
254 881 456 956 Graecorum,
478 880 529 961 qui
543 883 567 941 si
586 883 706 944 caedem
726 885 857 963 aliquam
878 891 963 944 extra
979 883 1090 944 bellum
1106 883 1303 960 admisissent,
1369 939 1373 958 ἃ

100 975 161 1024 torn
178 965 232 1024 diu
247 987 350 1026 manns
367 963 516 1026 habebant
531 977 668 1028 cruentes
683 978 774 1048 etque
789 969 933 1049 impuras,
955 967 1050 1028 donec
1066 967 1103 1028 sb
1119 969 1219 1049 aliquo
1232 988 1303 1047 rege

101 1051 215 1130 expiati
229 1059 320 1130 etque
334 1051 429 1110 abluti
442 1063 550 1112 essent.
562 1049 674 1114 'annot
686 1051 752 1134 sirp.
768 1054 825 1114 Od.
836 1075 872 1116 rr.
886 1053 941 1116 lib.
957 1061 985 1120 1.
1006 1053 1046 1134 [v.
1059 1053 1122 1139 29.]
1148 1053 1203 1116 Oui
1218 1051 1304 1114 datis
1333 1115 1336 1118 ,

90 1137 212 1224 'parteis
227 1133 321 1196 scelus
336 1133 482 1218 rapiandi
496 1134 631 1219 Jupiter?

185 1221 518 1286 6.·Peereunosau
545 1243 654 1288 ruer.
690 1245 746 1283 or.
780 1215 858 1304 aa]
895 1219 1023 1306 propter
1048 1223 1206 1291 incertum
1228 1221 1305 1284 belli
1341 1257 1343 1267 ·

101 1315 260 1365 eventum:
283 1327 351 1366 nem
361 1327 438 1374 ,cum
456 1307 495 1368 sit
512 1328 632 1370 necesse
648 1311 680 1370 in
695 1308 861 1373 scribendis
874 1308 922 1370 his
936 1310 1117 1392 praetextis,
1140 1311 1303 1372 multorum

99 1390 175 1448 vitia
197 1401 320 1468 notare,
341 1393 567 1472 multorumque
587 1394 758 1454 voluntates
778 1395 943 1472 offendere,
972 1395 1136 1456 verisimile
1158 1403 1218 1471 est,
1241 1414 1302 1470 eos,

101 1495 179 1553 qnos
195 1477 318 1558 scriptis
334 1477 508 1554 offenderis,
530 1477 557 1536 si
571 1479 714 1554 vicerint,
737 1481 868 1558 graviter
883 1481 1006 1542 laturos.
1036 1481 1118 1542 tricet
1141 1477 1201 1540 hoe
1214 1481 1303 1540 etism

98 1561 214 1622 referre
239 1562 278 1622 ud
297 1561 492 1625 historiarum
515 1564 725 1645 scriptionem,
748 1587 791 1626 eu
810 1561 955 1626 sententie
976 1567 1080 1627 Servii.
1123 1564 1206 1626 Hssc
1225 1566 1304 1638 enias

99 1647 293 1706 annotatille
317 1647 354 1706 ad
376 1643 461 1706 issoni
482 1647 702 1732 Vi1·g,rersum
723 1651 1081 1732 Palaem.[Ecl.1rr‚84.]
1107 1647 1206 1713 Pollio
1227 1651 1304 1712 enim
1344 1673 1350 1678 ·
1394 1651 1397 1657 '

97 1745 183 1790 amat
198 1747 328 1804 nostram
345 1742 402 1793 etc.
429 1730 595 1794 Blanditur
607 1736 668 1798 iam
682 1733 817 1797 Pollioni
827 1751 965 1816 patrono,
984 1759 1068 1818 quem
1084 1733 1303 1816 tragoediarum

98 1830 127 1876 et
139 1814 330 1876 historiarum
342 1820 512 1898 scriptorem
523 1817 619 1900 fuisse
631 1833 753 1880 testatur
766 1818 923 1882 Horatius.
953 1821 1032 1880 Nam
1047 1823 1079 1881 irs
1091 1817 1220 1894 secundo
1234 1841 1303 1880 eor-
1322 1876 1328 1884 .

98 1901 213 1958 minum
234 1897 308 1960 dicit
333 1900 369 1961 de
383 1901 533 1978 historiis,
555 1901 745 1964 Periculosae
763 1902 881 1984 plenum
902 1927 976 1985 opus
993 1903 1228 1966 aleae'Tractas
1245 1913 1302 1968 erc.

96 1981 184 2044 Idem
195 1982 307 2066 paullo
321 2001 388 2066 past
406 1983 442 2046 de
455 1985 605 2066 tragoed,
631 1987 769 2050 Paullum
783 2011 897 2048 seuerae
909 2007 1010 2048 musae
1025 1981 1195 2067 tragoediae
1208 1993 1265 2044 eto.
1324 2043 1336 2070 ο

186 2075 217 2134 7.
241 2071 290 2128 Er
310 2091 467 2139 tranare
487 2091 559 2132 run
579 2073 738 2153 rossus]
768 2073 911 2151 allegoria
935 2083 998 2146 est,
1021 2089 1080 2151 qus
1103 2069 1232 2130 obscure
1255 2070 1305 2130 si·-

89 2153 223 2238 'gnificat
237 2153 333 2232 idem,
355 2157 439 2236 quod
454 2157 592 2236 proxime
611 2157 746 2232 dixerat,
768 2159 969 2236 periculosum
985 2175 1065 2231 esse,
1087 2155 1209 2214 illorum
1227 2165 1304 2216 tem·

97 2259 212 2319 porum
234 2241 416 2319 tragoediam
431 2241 578 2316 seribere,
597 2259 654 2318 ¹seu
668 2242 839 2318 tragoediae
858 2239 1034 2310 scribendae
1050 2259 1089 2298 ex
1102 2235 1187 2298 bellis
1202 2238 1302 2298 civili-

100 2323 159 2383 bus
175 2335 384 2400 argumentum
398 2344 527 2388 sumere.
572 2323 712 2398 (Videtur
730 2333 829 2384 sutem
842 2321 879 2381 ad
897 2323 975 2382 illud
993 2322 1185 2402 proverbium
1209 2323 1304 2382 Grae·

100 2429 171 2468 cum
188 2409 340 2488 alludere,
360 2408 444 2490 quod
462 2408 804 2485 commemoretSuidss,
825 2407 858 2472 ἐν
871 2406 945 2488 πυρὶ
961 2393 1115 2486 βέβηκας.)
1158 2397 1218 2477 [Ex
1231 2397 1301 2459 edit.
1326 2463 1329 2470 ,

123 2503 197 2556 Otit'.
1107 2529 1123 2558 r·
1262 2528 1264 2539 ·

99 2516 121 2578 P
187 2492 220 2648 8].
245 2579 385 2640 Crrrrer
404 2577 577 2659 nouoso]
600 2575 709 2654 cineri,
733 2577 784 2656 qui
801 2576 878 2636 celet
893 2583 923 2634 et
940 2569 1014 2648 tegit
1030 2563 1124 2648 igneis
1140 2564 1303 2664 subiectos

100 2666 153 2725 Sic
166 2665 247 2726 intra
263 2664 321 2726 Od.
332 2685 435 2726 xxvu.
454 2665 508 2731 lib.
524 2671 554 2732 3.
576 2663 619 2745 [v.
632 2663 746 2742 25.sq.]
776 2661 909 2722 Taurum
921 2653 1066 2774 'drusum
1081 2652 1230 2735 appellet,
1250 2671 1303 2731 qm

100 2751 192 2812 deum
211 2750 299 2814 eolat.
392 2749 397 2754 ⁵

190 2841 220 2902 9.
242 2837 427 2896 Psoaaou
449 2834 637 2914 ssvsese]
662 2835 743 2906 sine,
763 2840 801 2892 ut
816 2828 936 2889 theatra
950 2822 1172 2906 tantispertuis
1186 2829 1306 2919 ῑζῦἕθθ·
1349 2904 1351 2914 ,

101 2921 161 2982 diis
178 2929 310 2995 careant,
333 2920 405 2980 dnm
421 2918 452 2980 hi
467 2929 566 2979 motus
583 2919 686 2982 civiles
701 2917 928 2996 conquiescunt,
948 2911 1074 2994 perinde
1090 2929 1126 2970 so
1144 2909 1169 2968 si
1182 2907 1306 2979 diceret,

100 3007 269 3066 intermitte
285 3025 380 3084 usque
395 3025 430 3064 eo
449 2995 642 3082 scriptionem
659 3004 818 3081 tragicum,
843 3021 902 3080 qno
918 2999 954 3058 ed
972 3018 1068 3078 remp.
1083 2994 1256 3074 dissipatam
1270 3011 1307 3050 sc

100 3091 261 3152 disiectum
275 3091 433 3166 ordinaris,
455 3091 507 3152 rel
522 3090 685 3150 intermitte
701 3083 1055 3167 tragoediaescribendee
1067 3079 1212 3152 studium,
1231 3093 1307 3136 neve

100 3175 275 3255 tragoedias
295 3187 378 3252 tues,
402 3195 479 3254 ques
501 3176 555 3236 teli
578 3184 751 3254 argumento
771 3177 924 3246 constent,
947 3187 1053 3229 soenes
1075 3165 1225 3226 committe
1242 3159 1328 3222 hoo.

100 3267 261 3344 tempore,
282 3261 372 3322 rebus
389 3261 531 3322 videlicet
545 3263 681 3320 noudum
697 3256 985 3339 compositioneque
999 3251 1154 3312 ordinetis.
1279 3329 1285 3340 ·

174 3347 371 3424 ⁸10.Mox,
393 3365 456 3406 uss
477 3365 665 3408 saturans
685 3345 722 3404 R.
746 3341 793 3423 o.]
814 3343 924 3414 idest,
947 3338 1002 3398 ubi
1018 3357 1069 3412 ea,
1092 3355 1168 3416 quse
1189 3340 1259 3392 suot
1275 3351 1308 3388 in

100 3453 169 3513 rep.
185 3431 324 3508 turbata,
347 3427 510 3512 dissipata,
532 3429 668 3509 disiecta,
685 3429 859 3509 digesseris,
881 3423 1083 3506 disposueris,
1103 3419 1308 3511 inssuu1n0r7

103 3518 208 3577 dinem
229 3517 413 3592 restitueris,
436 3535 545 3576 munos
561 3511 718 3578 scribendi
728 3513 781 3574 ebs
799 3521 829 3582 te
844 3519 1017 3589 susceptum
1033 3515 1167 3584 repetes:
1189 3501 1240 3560 sel
1257 3499 1308 3560 ubr
1385 3529 1388 3534 ·

92 3599 265 3675 ,historiam
278 3603 352 3664 belli
368 3601 466 3664 civilis
482 3601 616 3662 oratione
632 3601 730 3660 soluta
747 3595 977 3676 conscripseris,
999 3601 1035 3652 ut
1050 3591 1102 3650 elii
1115 3589 1232 3666 volunt.

194 3695 246 3754 12.
274 3685 498 3767 Censorio]
529 3685 649 3762 Attico,
672 3705 726 3746 sen
748 3681 930 3744 Atheniensi.
968 3675 1093 3756 Thespis
1118 3673 1215 3747 enim,
1243 3668 1310 3730 Ae*

103 3763 249 3854 schylue',
271 3771 452 3852 Sophocles,
475 3771 644 3852 Euripides,
668 3769 891 3848 tragoediarum
914 3763 1094 3843 scriptores,
1114 3757 1333 3820 Athenienses·

103 3857 247 3935 suerunt,
270 3877 399 3940 suasque
417 3856 588 3940 tragoedias
608 3855 733 3916 Athenis
755 3856 931 3915 docuerunt
973 3847 1043 3908 Fuit
1059 3853 1159 3908 eutem
1180 3843 1311 3920 Cecrops
1434 3917 1436 3920 Ι

104 3943 214 4004 Actaei
233 3963 339 4021 gener,
362 3943 440 4018 eius,
464 3963 551 4022 quem
568 3941 702 4022 primurn
717 3940 750 3999 in
764 3939 863 3998 Attice
877 3929 1136 4013 regnasse-scribit
1151 3926 1312 4028 Pausapiss

104 4029 232 4104 Atticis,
250 4026 285 4108 [r,
299 4033 330 4104 Ξ,
344 4027 387 4108 6.]
409 4025 457 4087 his
474 4027 584 4104 verbis,
604 4021 741 4089 Ἀκταῖον
758 4023 895 4107 λέγουσιν
907 4021 939 4082 ἐν
954 4021 994 4102 τῇ
1002 4011 1125 4102 Ἀπικῇ
1138 4015 1313 4090 duodenam

103 4119 241 4195 πρῶτον.
263 4103 474 4188 duodecimae
492 4109 525 4177 di
536 4105 673 4176 Ἀκταίου
689 4095 824 4192 Κέκρωψ
839 4103 985 4188 ἐκδέχεται
1000 4099 1058 4184 τήν
1072 4094 1168 4184 ἀρχὴν
1183 4090 1313 4180 θυγατρὶ

105 4201 263 4262 συνοικῶν
276 4193 419 4260 Ἀκταίου.
1105 4203 1111 4224 ⁸
1281 4261 1289 4276 ,

199 4289 250 4350 13.
276 4283 439 4342 tnsrcne
468 4301 602 4342 uuesr.
632 4298 765 4343 enses.
790 4297 876 4340 aare
904 4275 952 4334 ur
981 4261 1246 4366 consumerer]
1278 4259 1314 4321 sd

106 4379 175 4444 est,
199 4369 251 4447 qui
277 4377 307 4428 et
327 4367 564 4448 causis'egendis
582 4367 702 4446 reisque
720 4359 963 4445 defendendis-et
975 4355 1103 4418 consilio
1126 4349 1226 4412 dando
1243 4367 1316 4408 sen·
1336 4368 1339 4379 ·

104 4455 263 4531 tectisque
284 4451 427 4532 diemde,
450 4473 519 4516 cum
534 4455 568 4516 iu
586 4462 693 4516 ssnstu
712 4451 827 4532 magnis
846 4445 992 4522 derebus
1008 4437 1213 4514 connitatur,
1233 4432 1315 4495 ¹¹¹⁰!-

105 4547 178 4608 tmu
192 4539 299 4602 astes-
938 4613 963 4675 L
1008 4549 1011 4558 “
1107 4545 1110 4551 “
