2884 5044
18 827 22 834 ,
108 749 252 826 indicna

107 195 166 246 xlv

47 380 52 410 r
160 361 201 414 ae
233 333 449 414 discentium
481 353 590 444 atque
631 333 858 414 emditorum
897 329 1131 414 multitudine
1161 357 1320 436 'semper

107 365 305 517 :beamur
350 465 473 544 neque
504 441 625 519 minus
657 467 834 550 unquam!
851 437 1071 526 litteratum,
1090 427 1222 540 *quam
1255 465 1320 512 ar·

76 618 79 634 ,
107 553 252 622 morum
276 541 474 646 cupiditate
499 543 693 646 studioque
719 543 897 646 flagravit,
937 569 1064 622 serum
1090 545 1198 618 etiam
1226 565 1321 614 cum

68 664 87 736 “,
108 647 228 732 ltalia,
255 641 459 822 quae'cttm
491 647 587 724 viros
620 647 786 722 acumine
819 647 1049 752 ingeniorum
1079 643 1321 744 sollertiaque

280 751 545 852 ipraeatanteis
593 749 601 767 '
630 777 716 838 nere
737 750 981 846 existimatur,
1007 770 1086 826 tum
1101 748 1328 844 Latinarum¹

98 851 258 956 'quidem
283 853 483 930 litterarum
508 779 748 928 herilitatem
773 853 932 956 quodam
961 853 1075 930 veluti
1106 847 1320 953 gentilitatis

107 957 190 1056 iure
214 955 284 1032 sibi
306 955 527 1056 vendicavit,
555 957 777 1034 Graecarum
798 977 918 1032 autem
937 955 1199 1056 possessionem
1212 953 1322 1056 quasi

111 1087 261 1137 vacuam
300 1081 337 1136 et
369 1059 543 1136 caducam
578 1087 701 1137 eversa
737 1087 779 1135 ac
810 1059 931 1136 deleta
962 1059 1115 1136 Graecia
1146 1058 1322 1134 celeriter

114 1161 327 1263 occuparit,
375 1133 472 1239 uitro
510 1161 644 1265 pedem
684 1163 854 1239 conferre
899 1183 1008 1265 atque
1047 1163 1089 1238 in
1131 1182 1321 1240 certamen

115 1263 339 1342 descendere
365 1265 569 1348 audeamus.
621 1267 733 1342 Hunc
765 1265 876 1368 igitur
907 1265 1139 1370 ingeniorum
1164 1265 1321 1357 cultum,

114 1365 213 1444 banc
237 1367 519 1468 humanitatem,
544 1371 641 1465 banc
666 1369 886 1470 optimarum
909 1370 1041 1462 artium
1059 1367 1321 1462 celebritatem,
1413 1440 1414 1452 ,

114 1497 225 1574 quam
250 1474 296 1548 ab
321 1498 387 1550 aro
413 1495 450 1550 et
474 1495 577 1577 patre
606 1495 670 1549 tuo
694 1472 882 1548 consecuti
907 1501 1051 1568 sumus,
1085 1491 1168 1548 tuae
1193 1495 1323 1570 perso·
1414 1535 1415 1560 ,

114 1601 185 1652 nae
209 1573 384 1652 decorum
411 1597 486 1674 est,
508 1577 670 1674 Carula,⁸
684 1577 755 1652 tuis
773 1575 965 1652 maioribus
983 1576 1152 1686 dignum,
1177 1573 1210 1648 ei
1225 1571 1322 1672 spei,

142 1705 226 1753 uam
257 1678 305 1754 ds
322 1699 373 1760 ,te
398 1677 595 1776 babemus,
631 1699 932 1776 cousentaneum,
966 1701 1002 1756 te
1034 1680 1198 1754 studiose
1224 1673 1324 1750 tueri

114 1703 384 1884 diligenterque
409 1807 634 1862 conservare.
685 1783 770 1860 Non
797 1781 895 1858 enim
921 1782 1095 1860 credibile
1114 1803 1191 1876 est,
1217 1799 1254 1853 te
1270 1778 1322 1852 ita

116 1882 320 1984 dicturum,
346 1885 433 1962 satis
458 1910 553 1974 esse,
580 1885 610 1962 si
635 1887 720 1962 artis
745 1885 907 1961 militaris
932 1907 969 1962 et
993 1884 1143 1961 bellicae
1167 1879 1324 2012 gdoriam

117 1987 186 2062 tibi
211 1988 352 2066 abillis
376 1991 539 2065 relictam
565 1989 740 2084 retineas,
766 1987 812 2062 de
839 1989 986 2064 urbanis
1013 2009 1049 2064 et
1072 1987 1239 2064 civilibus
1264 2007 1323 2058 ar·

45 2133 49 2141 =
117 2089 215 2165 tibus
253 2119 331 2187 non
362 2082 439 2168 esse
474 2093 540 2166 tibi
570 2117 789 2194 magnopere
822 2091 1074 2172 laborandum.
1126 2089 1220 2166 Nam
1247 2085 1323 2188 pri·

19 2257 26 2270 .
117 2219 239 2290 mum,
264 2187 419 2297 quarum
443 2195 587 2274 artium1
599 2193 807 2270 exercitatio
833 2195 903 2270 tuis
924 2195 1119 2271 maioribus
1134 2212 1322 2290 tantopere

118 2295 232 2371 suerit
259 2303 428 2399 probata,
453 2326 513 2375 eas
542 2319 579 2372 te
605 2297 711 2373 arteis
734 2297 954 2402 improbare,
980 2294 1255 2399 amplitudinem
1270 2319 1323 2392 ‚ac

118 2398 340 2478 maiestatem
365 2401 463 2477 tuam
488 2426 564 2475 non
590 2397 714 2476 decet:
746 2391 890 2476 deiride'
907 2425 954 2474 ne
981 2421 1017 2474 te
1041 2397 1191 2500 quidem
1215 2421 1325 2496 prae·

119 2501 223 2592 terit,
273 2518 404 2599 utpote
440 2503 793 2602 apraestautissimis
828 2497 1040 2578 doctoribus
1070 2527 1113 2576 ac
1148 2497 1324 2600 magistris

119 2599 327 2675 institutum
357 2601 573 2703 optimisque
605 2603 806 2704 praeceptis
838 2603 1018 2680 imbutum
1051 2624 1104 2696 et,
1136 2600 1239 2705 quod
1263 2629 1325 2675 ca·

119 2721 190 2805 put
214 2717 290 2798 eat,
318 2724 467 2778 naturae
491 2705 649 2780 bonitate
674 2705 874 2806 valentem,
913 2707 1098 2782 scientiam
1121 2703 1323 2798 inscientia,

119 2805 402 2908 sapientiamque
428 2805 631 2909 insipientia
655 2809 767 2914 longe
793 2835 868 2886 esse
900 2811 1079 2912 potiorem
1104 2833 1146 2883 ac
1171 2807 1323 2911 praesta·

120 2907 306 2985 biliorem:
331 2935 451 3011 neque
478 2937 556 3006 esse
583 2932 891 3010 consentaneum,
913 2915 1016 2988 cuius
1040 2911 1151 3014 Regis
1166 2911 1325 3013 populus

122 3011 239 3118 aureis
263 3009 395 3095 babeat
421 3013 581 3111 tereteis,
614 3014 773 3092 eruditas
809 3035 846 3092 et
870 3012 1039 3119 purgatas
1064 3009 1324 3120 ingeniumque

125 3112 291 3191 doctrina
317 3115 540 3217 expolitum,
580 3143 665 3192 eum
691 3117 829 3220 Regem
861 3119 1064 3196 litterarum
1091 3139 1129 3194 et
1154 3117 1324 3194 scientiae

123 3217 339 3294 suavitatem·
357 3243 477 3321 neque
504 3221 649 3296 auribus
674 3223 808 3297 sentire
833 3223 930 3300 velle
964 3247 1085 3326 neque
1107 3220 1324 3324 cogitatione

44 3399 47 3412 ,
123 3319 436 3424 comprehendere
474 3351 515 3398 ac
548 3324 736 3426 percipere
761 3351 900 3401 curare.
952 3325 1082 3430 Neque
1113 3351 1226 3426 porro
1253 3321 1326 3396 eri·

123 3423 249 3518 stimo,
282 3424 415 3500 tibiid
438 3426 635 3527 probatum
660 3427 725 3524 iri,
751 3427 853 3530 quod
879 3427 924 3504 de
945 3427 1160 3505 Alexandro
1175 3427 1324 3528 Magno,

121 3525 280 3627 Philippi
303 3527 549 3606 Macedonum
564 3529 674 3634 Regia
698 3528 796 3629 filio,
822 3533 1014 3636 scriptores
1028 3531 1232 3632 locupletes
1247 3553 1326 3604 me-

123 3630 548 3731 moriae‘prodiderunt,
573 3607 681 3709 illum
706 3633 754 3708 ita
780 3635 901 3714 animo
927 3637 1035 3711 fuisse
1055 3639 1245 3728 affectura,
1269 3653 1325 3726 nt,

123 3732 265 3834 quoties
305 3733 496 3838 Philippus
530 3757 592 3812 ant
632 3737 761 3812 urbem
801 3739 956 3840 aliquam
988 3741 1149 3814 nobilem
1187 3735 1325 3912 cepisse

128 3855 192 3908 aut
216 3835 398 3936 proelium
424 3837 627 3914 secundum
650 3840 779 3916 secisse
809 3863 872 3918 aut
903 3841 1053 3919 victoria
1080 3841 1198 3942 aliqua
1250 3838 1326 3912 eni·

123 3941 198 4039 que
223 3937 361 4040 potitos
386 3967 463 4016 essa
491 3941 740 4040 nuntiaretur,
767 3973 842 4021 nou
869 3943 1067 4021 admodum
1093 3946 1188 4022 laete
1211 3941 1327 4018 ferret

68 4043 71 4057 '
123 4041 270 4144 suisque
294 4045 503 4145 aequalibus
530 4045 686 4134 diceret,
711 4067 852 4148 patrem
876 4049 968 4124 nibil
992 4047 1113 4156 magni
1135 4043 1328 4148 praeclari·

79 4203 83 4214 .
124 4169 219 4245 que,
233 4141 338 4248 quod
352 4147 593 4252 gereret,sil>i
607 4149 839 4249 relicturum,
855 4151 1077 4248 exhumare,
1092 4170 1230 4252 quanto
1246 4147 1328 4249 plu·

37 4313 39 4320 .
123 4247 194 4322 reis
218 4247 339 4324 urbeis
362 4248 554 4353 Philippus
580 4275 821 4356 expugnasset
850 4271 1064 4358 quantoque
1100 4251 1239 4356 plureis
1271 4248 1329 4326 si·

123 4350 253 4430 ctoriae
276 4353 494 4459 peperisset,
520 4373 622 4456 tanto
647 4383 685 4434 se
710 4379 774 4435 aut
797 4357 988 4464 pauciores
1012 4385 1135 4436 rerum
1161 4381 1241 4434 ase
1265 4377 1328 4460 ge·
