2908 5056
56 282 61 300 .
176 193 239 263 aaa
441 205 443 212 ⁴
556 153 1001 260 nonarumnuma

132 361 146 428 ,’
234 365 314 430 ·61.
343 363 547 424 Pesrruuu
582 360 742 448 aroana]
782 361 996 436 Helleniamus,
1021 369 1058 422 ut
1082 371 1183 424 annet.
1213 359 1277 426 Od.
1300 383 1402 428 xm.

178 449 232 510 lib.
249 455 277 514 1.
298 447 337 508 ad
356 449 441 508 illum
458 449 573 519 locum,
595 445 690 508 Dulce
707 444 857 510 rideotnn.
900 447 952 506 Sic
972 447 1093 528 quidem
1111 469 1213 510 omnes
1228 447 1321 510 bunc
1339 452 1403 510 lo-

177 555 246 596 cum
265 541 445 594 connectunt
459 543 489 594 et
503 533 667 612 explicant.
711 531 769 592 Sed
784 531 969 594 Passeratius
985 534 1146 595 coniuncte
1161 534 1233 612 legit
1247 537 1403 618 qaeraara‘

99 615 102 628 '
177 615 341 702 Perfidiam,
363 619 395 676 id
412 627 471 693 eat,
494 619 631 697 querenti
649 627 768 676 taurum
783 617 929 696 perfidum
944 637 980 678 ae
995 619 1151 680 doloaaim:
1174 618 1223 680 vel
1239 621 1403 699 querenti

177 703 446 785 perfidiamtauri,
470 705 520 764 cui
541 704 620 764 latus
644 701 812 764 crediderat
833 703 994 782 cuiquem
1017 703 1183 784 vehendam
1200 705 1401 766 tradiderat.

176 791 221 852 sic
235 789 356 848 loeutus
379 797 425 849 ast
438 787 525 848 Ouid.
544 787 574 847 in
591 787 677 867 epiat.
696 787 829 862 Didonis,
844 787 979 867 [lleroid.
992 805 1048 866 vn,
1060 793 1101 856 29
1117 789 1174 870 sq.]
1196 789 1270 850 Noas
1285 805 1404 850 amen

70 903 75 915 ·
105 899 109 908 “
175 866 326 948 Aeneam,
350 875 485 954 qumvis
506 869 584 934 nota
610 871 732 954 cogitet,
754 870 825 953 cdi3
858 869 919 934 Sed
943 896 1049 958 queror
1069 871 1193 959 iifiduna
1218 889 1403 958 questuque

223 982 256 1018 aa
277 979 354 1018 omo.

173 981 222 1042 W
261 1048 312 1109 67.
342 1047 525 1116 neussso]
553 1042 612 1102 iam
633 1041 753 1116 laxato,
780 1051 976 1124 posteaquam
999 1043 1150 1122 Europam
1171 1042 1235 1104 suis
1259 1043 1400 1120 sagittis

175 1127 336 1188 sauciarat
358 1128 554 1206 probabiliter
575 1137 718 1188 autemst
735 1147 774 1188 ex
797 1129 1019 1206 sagittariorum
1036 1148 1119 1188 mora
1139 1127 1235 1204 dixit,
1255 1131 1399 1188 ranisso

176 1235 260 1274 orou.
302 1213 376 1272 Nam
390 1213 533 1292 sagittarii
548 1213 602 1272 ubi
614 1233 687 1274 arou
700 1213 743 1272 uti
765 1211 1026 1284 recumbebant,
1049 1233 1116 1272 eum
1130 1211 1309 1288 intendunt,
1334 1213 1399 1292 arbi

177 1293 304 1358 iaculari
327 1299 406 1358 aelle
430 1297 597 1373 desierunt,
619 1297 786 1358 remittunt.
814 1299 858 1358 sic
880 1317 972 1378 supra
994 1296 1052 1360 Od.
1069 1317 1136 1360 vm.
1156 1297 1200 1378 [r.
1216 1297 1290 1377 itm]
1315 1294 1399 1358 Iam

180 1379 309 1464 Scythae
324 1379 400 1443 looeo
414 1380 593 1444 meditantur
606 1404 679 1442 oreas
696 1379 801 1444 Cedere
817 1384 940 1462 compis-

264 1469 315 1530 69.
339 1467 575 1548 deseruero„
598 1469 729 1544 Dixin,
751 1463 921 1548 rasnuas]
944 1468 1038 1526 etiam
1055 1465 1115 1526 bac
1138 1485 1155 1527 a
1180 1465 1304 1526 Graeco
1327 1484 1397 1525 ex-

180 1547 781 1698 mcnd‘mtu‘elidet
798 1551 1089 1717 urrinni?
1106 1547 1396 1716 2⁶anss

178 1716 253 1780 liam
270 1718 402 1780 Tandem
415 1719 606 1804 querelarum.
726 1657 746 1718 P
786 1763 789 1772 ·

265 1811 316 1872 71.
339 1807 421 1866 Cnas
442 1827 523 1866 rins
544 1825 705 1866 invisus
726 1805 1047 1888 macerationem]
1070 1827 1138 1867 eum
1153 1815 1258 1868 taurus
1273 1803 1320 1881 is,
1333 1803 1391 1862 cui

180 1901 213 1954 ιο
228 1899 384 1970 tantopere
410 1891 515 1952 iratam
535 1911 599 1952 ease
620 1891 767 1966 ostendis,
790 1901 820 1952 te
841 1893 970 1968 revisat,
998 1913 1051 1970 ne,
1072 1894 1154 1973 quod
1176 1901 1205 1952 ts
1225 1891 1390 1950 facturam

181 1995 246 2036 esse
262 1975 371 2036 minoto
386 1997 434 2052 ea,
457 1977 521 2036 eius
537 1997 650 2038 cornua
666 1977 796 2056 frangite
812 1987 865 2040 sut
882 1977 1031 2052 lacerato,
1052 1978 1107 2040 aad
1122 1979 1154 2038 in
1168 1995 1234 2038 enm
1250 1985 1282 2036 te
1301 1975 1389 2040 taei-

59 2095 68 2103 -
179 2062 239 2124 lens
253 2080 289 2120 ac
304 2061 451 2142 placatam
467 2063 619 2144 praebeto.

264 2151 318 2214 73.
348 2148 458 2208 Uxor
486 2167 641 2208 rnvrcrr
663 2147 779 2206 Iocis
799 2167 886 2208 asar
908 2147 1156 2228 nsscssflhno
1178 2145 1304 2228 quiaque
1329 2146 1387 2204 lo-

181 2233 293 2314 quendi
318 2251 410 2312 genus
433 2233 580 2294 Graecum
603 2240 659 2292 est.
689 2231 734 2292 aio
757 2233 833 2292 enim
858 2235 1026 2313 loquuntur
1046 2235 1107 2308 illi,
1133 2225 1189 2296 orias
1208 2227 1308 2296 olona
1326 2235 1385 2293 cori

180 2315 255 2394 Arde
267 2315 344 2402 yonii
359 2310 450 2394 odom
475 2318 571 2380 lntini
584 2327 682 2376 sutem
696 2317 758 2392 sic,
779 2328 809 2378 te
824 2338 949 2380 uxorem
964 2319 1069 2380 invicti
1084 2320 1164 2380 lovis
1178 2337 1242 2380 ease
1257 2317 1383 2380 nescis?

146 2429 149 2440 ·
180 2406 241 2468 tata
256 2415 300 2466 eet
314 2405 408 2482 iliud,
427 2407 542 2485 petiens
556 2403 658 2464 noceri
674 2401 809 2462 Coeamts
823 2401 911 2480 ultor,
933 2403 990 2464 Od.
1007 2427 1040 2466 st.
1055 2404 1107 2464 l'rb.
1125 2413 1151 2470 1.
1168 2403 1209 2485 [v.
1224 2401 1293 2482 48]

264 2493 316 2558 74.
339 2509 429 2552 anne
451 2509 571 2550 ranan
592 2487 783 2565 suonam]
805 2483 844 2552 ου’
857 2485 914 2572 γαρ
934 2488 1045 2569 παντὸς
1059 2483 1176 2570 siadpdo,
1198 2487 1307 2570 φέρειν
1322 2483 1382 2552 eo'-

180 2576 295 2656 ταχίαν,
317 2575 414 2655 inquit
430 2575 550 2647 Aristot.
571 2573 622 2636 lib.
638 2577 667 2640 5.
680 2573 775 2652 polit,
788 2573 821 2632 id
834 2583 893 2650 est,
915 2595 975 2634 non
990 2586 1035 2636 est
1049 2575 1218 2650 cuiuslibet,
1234 2575 1318 2634 ferra
1332 2597 1381 2634 res

182 2661 338 2726 secundas.
381 2661 497 2734 Quodsi
517 2660 582 2739 quia
599 2660 760 2718 secundam
773 2657 923 2718 fortunent
939 2669 1117 2720 consecutus
1133 2669 1187 2720 aut
1205 2659 1380 2718 certamini·

182 2747 240 2806 bus
256 2746 458 2824 gloriosisuut
480 2743 622 2824 pecuniae
640 2743 848 2820 magnitudine,
871 2745 1045 2806 insolentem
1058 2754 1148 2824 atque
1164 2743 1300 2812 odiosam
1322 2764 1380 2823 pe·

116 2857 122 2878 ·
183 2831 340 2892 tolentiam
358 2831 554 2909 comprimere
570 2829 662 2906 aciat,
683 2829 789 2908 dignus
801 2829 856 2903 sit,
877 2850 966 2910 quem
981 2828 1116 2890 homines
1127 2829 1261 2890 certatim
1278 2825 1379 2889 lauda-

182 2917 239 2976 bua
263 2915 402 2990 efferant,
431 2923 466 2974 ut
490 2914 534 2972 sit
553 2915 716 2974 Pindarus:
740 2913 825 2972 cuiue
849 2911 924 2974 baec
946 2915 1037 2998 verba
1059 2925 1130 2974 sunt
1152 2915 1204 2978 stt.
1226 2907 1262 3018 ζ’.
1287 2915 1377 2994 fodis.

183 3001 313 3082 princip.
341 2999 440 3076 Eine
459 2992 590 3079 afedprdv,
611 2993 787 3077 edrozoicoar
805 2992 828 3079 ἢ
849 2995 907 3062 oda
927 2993 1064 3076 εὐδόξοις
1080 2995 1246 3080 ,α’ἐθλαιςη
1270 2999 1378 3062 σθένει
1421 3053 1422 3056 ,

183 3078 327 3161 πλούτου,
342 3083 456 3165 κατέχει
471 3083 578 3162 porcia
593 3083 685 3164 αἰανῆ
699 3077 818 3164 lfo'poa,
830 3079 932 3160 ’Ἄξιος
946 3079 1094 3168 εὐλογίαις
1107 3078 1206 3146 oinroia
1220 3085 1376 3164 μεμίχθαι.
1419 3059 1422 3136 i

102 3209 106 3226 .
183 3171 288 3235 Utr'um
305 3181 404 3230 autem
419 3169 458 3229 ait
473 3169 633 3245 difficilius,
648 3169 807 3256 pecundam
826 3189 865 3228 an
880 3169 1035 3230 adversam
1051 3172 1202 3230 fortunam
1221 3169 1376 3230 moderata

174 3265 213 3316 'et
229 3257 393 3335 composite
409 3253 503 3330 ferra,
526 3275 584 3314 non
599 3265 644 3314 est
657 3255 745 3313 focile
758 3255 961 3334 pronuntiare.
1004 3256 1096 3316 Aiunt
1109 3254 1246 3334 quidam,
1261 3275 1374 3334 quem-

183 3339 342 3400 admodum
359 3341 449 3402 dclor
461 3339 618 3412 interimit,
639 3339 778 3418 voluptas
795 3347 894 3399 sutem
909 3341 1077 3420 liquefacit:
1100 3342 1143 3400 sie
1157 3339 1247 3402 rebus
1262 3337 1372 3399 adaer-

183 3427 222 3484 sia
239 3425 374 3486 bominea
388 3425 517 3506 opprimi
536 3435 624 3504 atqua
639 3423 748 3498 aflligi,
768 3423 909 3483 secundis
924 3445 996 3485 aero
1010 3425 1166 3486 dumtaxat
1178 3425 1369 3486 immoderata

181 3509 294 3572 laetitia
311 3511 416 3572 efferri.
459 3512 521 3588 Ego
543 3519 642 3568 tamen
661 3508 868 3584 existimarim,
891 3509 916 3570 si
936 3509 1023 3588 mibi,
1045 3511 1126 3591 quod
1148 3511 1262 3584 sentio,
1281 3510 1369 3570 liceat

52 3626 55 3634 ·
182 3594 301 3671 dicere,
323 3595 475 3656 difficilius
496 3615 575 3668 esse,
597 3614 645 3654 res
664 3593 810 3653 secundas
831 3613 926 3672 aequo
947 3595 1045 3654 animo
1065 3605 1095 3654 et
1116 3593 1267 3654 moderata
1280 3594 1366 3670 ferre,

182 3697 272 3760 quam
287 3681 441 3740 adversos:
462 3689 623 3759 propterea
644 3679 725 3758 quod
743 3677 891 3738 secundae
914 3699 963 3740 res
978 3679 1090 3740 animos
1104 3678 1256 3740 bominum
1269 3681 1366 3738 asnis-

183 3765 264 3824 simia
280 3751 471 3845 opinionibus
491 3765 625 3824 imbuere
644 3764 822 3842 eosdemque
842 3763 880 3822 ad
895 3765 1080 3844 superbiam,
1101 3763 1260 3840 ferociam,
1278 3765 1365 3860 igno-

181 3851 326 3910 rationem
347 3849 402 3924 aui,
422 3849 624 3930 perniciosam
639 3850 839 3922 securitatem,
852 3867 968 3908 onmem
981 3850 1110 3930 denique
1123 3849 1267 3929 peccandi
1276 3848 1364 3908 licen-

183 3935 254 3994 tiom
274 3945 364 4013 atque
381 3935 587 4014 impunitatem
607 3933 748 3992 facillime
759 3933 913 4014 impellere
925 3935 1038 4012 solent,
1060 3935 1131 3996 dum
1143 3953 1213 3994 suas
1226 3933 1363 4008 fortunas,

182 4029 323 4099 tanquam
342 4019 477 4094 deorum,
499 4019 646 4094 stobileis,
667 4019 741 4078 fixos
760 4029 790 4078 et
806 4021 999 4100 sempiternas
1014 4023 1077 4082 fore
1093 4029 1223 4100 sperant.
1263 4019 1305 4078 lta
1321 4019 1361 4094 fit,

182 4115 226 4177 ut,
242 4105 380 4166 secundia
394 4105 482 4164 rebus
502 4104 571 4164 elati
580 4151 589 4180 ,
610 4123 684 4184 prae
701 4123 733 4162 aa
747 4113 938 4165 contemnant
957 4105 1049 4182 alios,
1071 4125 1136 4166 sesa
1151 4104 1219 4164 aliis
1235 4105 1361 4164 omuibus

182 4201 378 4271 anteponunt,
400 4209 454 4250 aua
474 4187 672 4269 profundant,
695 4188 800 4248 alienis
819 4189 910 4249 rebus
928 4209 1033 4252 manns
1054 4187 1194 4266 aflerant,
1215 4189 1291 4266 legas
1307 4209 1361 4249 na-

183 4275 310 4352 gligant,
333 4295 416 4336 aacrs
438 4295 505 4334 cum
526 4273 660 4352 profanis
681 4277 836 4344 miaceunt,
865 4276 962 4334 omnia
982 4295 1036 4336 aua
1057 4273 1180 4334 libidine
1202 4273 1358 4348 metiantur,

184 4371 333 4438 postremo
354 4379 424 4420 suae
443 4359 685 4438 intemperantiae
705 4379 741 4419 ae
762 4354 937 4438 temeritatis
950 4377 1063 4439 poenas
1077 4361 1172 4420 luant.
1215 4359 1358 4420 Conbain

180 4445 272 4504 rebus
286 4444 419 4506 adversis
431 4443 529 4525 praeci
531 4463 592 4526 psas
599 4445 646 4505 vis
658 4445 736 4508 ineat
749 4443 977 4508 sarmatorum
987 4447 1026 4508 ad
1039 4445 1183 4510 virtutem
1196 4443 1357 4520 animorum,
